time,touch_count,last_touch_delay
1487144722,3,6090
1487144722,0,6156
1487144739,0,22998
1487144754,0,38056
1487144770,0,54086
1487144785,0,69134
1487144802,0,86052
1487144818,0,102022
1487144835,0,119075
1487144842,0,125531
1487144842,0,125554
1487144852,0,136054
1487144868,0,151994
1487144883,0,167013
1487144900,0,184030
1487144916,0,200055
1487144932,0,216065
1487144947,0,231109
1487144963,0,247082
1487144979,0,263001
1487144995,0,279002
1487145010,0,294033
1487145026,0,310047
1487145041,0,325091
1487145057,0,341038
1487145072,0,356080
1487145087,0,371124
1487145102,0,386176
1487145118,0,401217
1487145133,0,416244
1487146540,25,4032
1487146555,0,19054
1487146570,1,12613
1487146585,13,108
1487146600,14,1033
1487146609,4,296
1487146609,0,297
1487146612,1,1310
1487146615,0,3737
1487146630,0,18759
1487146646,4,13632
1487146662,0,29601
1487146677,1,334
1487146679,0,1799
1487146679,0,1831
1487146692,3,8193
1487146708,1,6350
1487146723,0,21406
1487146738,0,36456
1487146753,0,51478
1487146768,4,3488
1487146783,6,2590
1487146798,3,6308
1487146813,2,1359
1487146828,2,1399
1487146843,0,16447
1487146858,0,31469
1487146873,5,2866
1487146888,1,9347
1487146903,3,432
1487146918,29,96
1487146933,56,680
1487146948,11,3531
1487146963,26,8364
1487146978,5,11777
1487146980,0,13271
1487146980,0,13336
1487146993,1,4172
1487147008,8,2009
1487147023,0,17034
1487147040,0,34169
1487147057,0,51201
1487147072,0,66225
1487147088,0,82188
1487147103,1,861
1487147118,7,1383
1487147133,4,6193
1487147149,0,21447
1487147164,0,37105
1487147180,0,53111
1487147196,0,69138
1487147212,0,85142
1487147227,0,100177
1487147242,0,115206
1487147264,0,137269
1487147281,0,154165
1487147283,0,156096
1487147283,0,156139
1487147296,0,169189
1487147313,0,186185
1487147329,0,202131
1487147345,0,218118
1487147361,0,233323
1487147377,0,249932
1487147392,0,264957
1487147408,0,280863
1487147425,0,297891
1487147440,0,312918
1487147456,0,328884
1487147521,0,393930
1487147537,0,409868
1487147553,0,425882
1487147569,0,441869
1487147585,0,457881
1487147601,0,473897
1487147601,0,473922
1487147601,0,473952
1487147617,0,489885
1487147632,0,504922
1487147647,0,519952
1487147662,0,534996
1487147678,0,550916
1487147694,0,566898
1487147709,0,581932
1487147724,0,596957
1487147739,0,611992
1487147754,0,627014
1487147769,0,642038
1487147785,0,657957
1487147801,0,673950
1487147816,0,689127
1487155281,0,139926
1487155298,0,156800
1487155314,0,172764
1487155329,0,187802
1487155345,0,203866
1487155361,0,219773
1487155377,0,235776
1487155392,0,250964
1487155408,0,266845
1487155423,0,281874
1487155439,0,297781
1487155455,0,313771
1487155471,0,329810
1487155486,0,344840
1487155502,0,360792
1487155518,0,376768
1487155533,0,391800
1487155548,0,406829
1487155564,0,422775
1487155580,0,438767
1487155582,0,440105
1487155582,0,440151
1487155596,0,454774
1487155612,0,470766
1487155628,0,486797
1487155644,0,502757
1487155660,0,518770
1487155676,0,534770
1487155692,0,550806
1487155708,0,566766
1487155723,0,581794
1487155739,0,597811
1487155755,0,613826
1487155771,0,629774
1487155786,0,644856
1487155802,0,660805
1487155817,0,675840
1487155833,0,691790
1487155848,0,706823
1487155865,0,723827
1487155881,0,739764
1487155897,0,755783
1487155913,0,771782
1487155929,0,787763
1487155945,0,803775
1487155961,0,819762
1487155977,0,835777
1487155993,0,851774
1487156009,0,867756
1487156011,0,869663
1487156011,0,869719
1487156025,0,883799
1487156042,0,900803
1487156058,0,916760
1487156073,0,931788
1487156089,0,947787
1487156104,0,962836
1487156120,0,978772
1487156136,0,994789
1487156152,0,1010811
1487156168,0,1026776
1487156184,0,1042770
1487156186,0,1044395
1487156186,0,1044431
1487156200,0,1058806
1487156216,0,1074782
1487156232,0,1090785
1487156248,0,1106769
1487156264,0,1122834
1487156279,0,1137862
1487156294,0,1152895
1487156309,0,1167934
1487156326,0,1184767
1487156342,0,1200776
1487156357,0,1215826
1487156372,0,1230856
1487156388,0,1246805
1487156404,0,1262796
1487156420,0,1278790
1487156435,0,1293817
1487156452,0,1310802
1487156468,0,1326773
1487156484,0,1342791
1487156486,0,1344196
1487156486,0,1344238
1487156500,0,1358779
1487156516,0,1374824
1487156532,0,1390787
1487156548,0,1406775
1487156564,0,1422778
1487156580,0,1438794
1487156596,0,1454780
1487156612,0,1470795
1487156627,0,1486074
1487156643,0,1501798
1487156659,0,1517783
1487156675,0,1533807
1487156691,0,1549807
1487156707,0,1565789
1487156723,0,1581802
1487156739,0,1597769
1487156755,0,1613800
1487156771,0,1629785
1487156787,0,1645786
1487156789,1,587
1487156789,0,613
1487156802,0,13590
1487156817,2,1587
1487156832,20,3737
1487156848,0,19683
1487156863,2,1506
1487156878,3,7349
1487156893,5,1714
1487156908,3,6143
1487156923,1,2445
1487156939,6,3397
1487156954,6,472
1487156969,11,4495
1487156984,4,7547
1487156999,5,934
1487157014,2,3423
1487157029,4,855
1487157044,24,84
1487157059,16,2741
1487157074,7,236
1487157089,4,197
1487157091,1,201
1487157091,0,245
1487177839,0,122126
1487177855,0,137314
1487177870,0,152346
1487177885,0,167395
1487177901,0,184142
1487177916,0,199194
1487177932,0,215073
1487177947,0,230112
1487177962,0,245193
1487177977,0,260242
1487177993,0,275292
1487178009,0,292137
1487178025,0,308113
1487178042,0,324739
1487178057,0,339832
1487178072,0,354877
1487178087,0,369939
1487178102,0,385042
1487178117,0,400093
1487178133,0,416137
1487178135,0,417705
1487178135,0,417758
1487178149,0,432133
1487178165,0,448117
1487178180,0,463149
1487178196,0,479076
1487178212,0,495111
1487178227,0,510158
1487178242,0,525204
1487178258,0,541171
1487178273,0,556234
1487178289,0,571258
1487178304,0,586277
1487178319,0,602101
1487178336,0,618369
1487178352,0,635131
1487178368,0,651106
1487178384,0,667231
1487178400,0,683081
1487178415,0,698134
1487178431,0,714150
1487178447,0,730136
1487178449,0,731705
1487178449,0,731749
1487178463,0,746137
1487178479,0,762095
1487178495,0,778172
1487178511,0,794103
1487178526,0,809148
1487178543,0,826240
1487178559,0,842147
1487178575,0,858087
1487178591,0,874131
1487178607,0,890177
1487178623,0,906090
1487178638,0,921136
1487178654,0,937146
1487178671,0,953290
1487178686,0,969204
1487178702,0,985163
1487178718,0,1001097
1487178734,0,1017162
1487178750,0,1033112
1487178752,0,1034575
1487178752,0,1034634
1487178766,0,1049180
1487178781,0,1064234
1487178798,0,1081109
1487178814,0,1097126
1487178830,0,1113156
1487178847,0,1130166
1487178862,0,1145207
1487178878,0,1161104
1487178894,0,1177104
1487178911,0,1194162
1487178927,0,1210156
1487178943,0,1226129
1487178958,0,1241188
1487178973,0,1256241
1487178989,0,1272180
1487179005,0,1288090
1487179021,0,1304121
1487179037,0,1320107
1487179053,0,1336101
1487179055,0,1337725
1487179055,0,1337779
1487179069,0,1352118
1487179085,0,1368104
1487179101,0,1384216
1487179117,0,1400105
1487179132,0,1415153
1487179148,0,1431177
1487151303,0,1393050
1487151318,0,1408098
1487151333,0,1423146
1487151349,0,1439052
1487151364,0,1454109
1487151379,0,1469153
1487151394,0,1484181
1487151410,0,1500059
1487151425,0,1515111
1487151441,0,1531063
1487151456,0,1546112
1487151471,0,1561233
1487151488,0,1578039
1487151504,0,1594047
1487151520,0,1609682
1487151536,0,1626084
1487151552,0,1642072
1487151568,0,1658022
1487151583,0,1673063
1487151598,0,1688102
1487151601,0,1691309
1487151601,0,1691345
1487151613,0,1703148
1487151629,0,1719034
1487151644,0,1734059
1487151661,0,1751047
1487151677,0,1767055
1487151693,0,1783074
1487151709,0,1799057
1487151724,0,1814131
1487151739,3,3248
1487151754,0,18278
1487151770,0,34150
1487151785,0,49181
1487151800,0,64220
1487151815,0,79243
1487151832,0,96180
1487151848,0,112380
1487151865,0,129176
1487151881,0,145145
1487151897,0,161164
1487151913,0,177154
1487151915,0,178544
1487151915,0,178579
1487151929,0,193185
1487151946,0,210178
1487151962,0,226157
1487151978,0,242154
1487151993,0,257172
1487152008,0,272192
1487152023,0,287227
1487152038,0,302253
1487152053,0,317281
1487152068,0,332305
1487152083,0,347336
1487152098,0,362363
1487152113,0,377393
1487152128,0,392418
1487152143,0,407463
1487152159,0,422487
1487152174,0,437515
1487152189,0,452537
1487152204,0,467565
1487152219,0,482590
1487152221,0,485002
1487152221,0,485039
1487152234,0,497619
1487152249,0,512640
1487168789,0,5149168
1487168790,0,5150574
1487168790,0,5150608
1487168804,0,5164212
1487168819,0,5179255
1487168834,0,5194277
1487168849,0,5209874
1487168864,0,5225028
1487168881,0,5241881
1487168897,0,5257853
1487168913,0,5273867
1487168928,0,5288922
1487168943,0,5303976
1487168958,2,1030
1487168973,26,462
1487168988,11,5117
1487169004,4,4343
1487169019,6,2974
1487169034,5,516
1487169049,1,14930
1487169064,1,277
1487169079,5,1257
1487169094,5,5702
1487169095,0,7201
1487169095,0,7244
1487169109,4,1247
1487169124,7,1425
1487169139,6,1202
1487169154,7,2388
1487169169,3,3175
1487169184,4,3202
1487169199,3,4358
1487169214,4,6443
1487169229,4,3201
1487169244,3,3168
1487169259,8,341
1487169274,4,1785
1487169289,7,5748
1487169304,8,416
1487169319,5,820
1487169334,4,1836
1487169349,12,371
1487169364,12,2999
1487169379,2,8957
1487169394,3,1432
1487169395,1,640
1487169395,0,689
1487169410,1,14021
1487169425,2,3091
1487169440,4,1873
1487169455,3,1636
1487169470,4,307
1487169485,6,6928
1487169500,3,100
1487169515,12,2273
1487169530,6,5636
1487169545,2,2211
1487169560,0,17261
1487169575,0,32316
1487169590,2,6844
1487169605,6,4101
1487169620,11,2636
1487169635,2,6037
1487169650,0,21065
1487169665,0,36113
1487169681,0,52292
1487169696,0,67358
1487169698,0,68500
1487169698,0,68562
1487169711,0,82389
1487169726,0,97427
1487169742,0,113397
1487169758,0,129306
1487169774,0,145216
1487169789,0,160265
1487169805,0,176287
1487169821,0,192285
1487169836,0,207318
1487169852,0,223306
1487169868,0,239239
1487169884,0,255271
1487169900,0,271326
1487169916,0,287292
1487169932,0,303268
1487169947,0,318300
1487169964,0,335312
1487169980,0,351247
1487169996,0,367277
1487170012,0,383250
1487170014,0,384885
1487170014,0,384939
1487170028,0,398530
1487170043,0,414250
1487170059,0,430245
1487170075,0,446260
1487170090,0,461317
1487170106,0,477305
1487170122,0,493270
1487170138,0,509263
1487170154,0,525310
1487170170,0,541333
1487170187,0,558319
1487170202,0,573384
1487170218,0,589323
1487170234,0,605266
1487170249,0,620309
1487170264,0,635383
1487170280,0,651312
1487170296,0,667289
1487170312,0,683287
1487170314,0,684756
1487170314,0,684808
1487152264,0,527672
1487152279,0,542695
1487152294,0,557726
1487152309,0,573197
1487152325,0,589169
1487152341,0,605135
1487152357,0,621157
1487152373,0,637160
1487152388,0,652228
1487152404,0,668151
1487152420,0,684183
1487152436,0,700205
1487152451,0,715237
1487152467,0,731199
1487152483,0,747201
1487152499,0,763141
1487152515,0,779161
1487152531,0,795141
1487152547,0,811148
1487152562,0,826174
1487152578,0,842135
1487152594,0,858140
1487152610,0,874162
1487152625,0,889207
1487152641,0,905204
1487152644,0,908127
1487152644,0,908158
1487152656,0,920239
1487152671,0,935296
1487152687,0,951161
1487152703,0,967149
1487152718,0,982175
1487152734,0,998133
1487152750,0,1014161
1487152766,0,1030186
1487152782,0,1046187
1487152798,0,1062174
1487152814,0,1078191
1487152830,0,1094142
1487152846,0,1110162
1487152848,0,1111798
1487152848,0,1111841
1487152861,0,1125260
1487152878,0,1142184
1487152894,0,1158155
1487152910,0,1174134
1487152925,0,1189167
1487152941,0,1205191
1487152957,0,1221148
1487152973,0,1237192
1487152989,0,1253172
1487153005,0,1269136
1487153021,0,1285197
1487153037,0,1301191
1487153053,0,1317171
1487153069,0,1333146
1487153085,0,1349125
1487153101,0,1365140
1487153117,0,1381141
1487153133,0,1397147
1487153149,0,1413155
1487153151,0,1414626
1487153151,0,1414675
1487153165,0,1429164
1487153181,0,1445151
1487153197,0,1461134
1487153213,0,1477154
1487153228,0,1492174
1487153244,0,1508138
1487153259,0,1523178
1487153276,0,1540166
1487153291,0,1555207
1487153307,0,1571151
1487153323,0,1587142
1487153339,0,1603125
1487153354,0,1618166
1487153371,0,1635174
1487153387,0,1651157
1487153403,0,1667155
1487153419,0,1683148
1487153435,0,1699133
1487153451,0,1715141
1487153453,0,1716733
1487153453,0,1716768
1487170327,0,698333
1487170344,0,715292
1487170360,0,731274
1487170376,0,747317
1487170392,0,763281
1487170408,0,779303
1487170424,0,795248
1487170440,0,811301
1487170456,0,827253
1487170472,0,843247
1487170488,0,859241
1487170503,0,874307
1487170519,0,890291
1487170535,0,906308
1487170551,0,922270
1487170567,0,938263
1487170583,0,954242
1487170599,0,970299
1487170615,0,986278
1487170617,0,987778
1487170617,0,987827
1487170631,0,1002281
1487170647,0,1018227
1487170663,0,1034245
1487170679,0,1050244
1487170695,0,1066276
1487170711,0,1082276
1487170726,0,1097372
1487170741,0,1112424
1487170757,0,1127475
1487170773,0,1144304
1487170789,0,1160264
1487170804,0,1175317
1487170820,0,1191319
1487170836,0,1207280
1487170853,0,1224305
1487170869,0,1240318
1487170885,0,1256288
1487170901,0,1272300
1487170917,0,1288258
1487170919,0,1289644
1487170919,0,1289708
1487170932,0,1303301
1487170947,0,1318352
1487170964,0,1335287
1487170980,0,1351270
1487170996,0,1367260
1487171011,0,1382288
1487171027,0,1398257
1487171043,0,1414253
1487171059,0,1430264
1487171074,0,1445323
1487171090,0,1461311
1487171105,0,1476371
1487171122,0,1493303
1487171138,0,1509282
1487171154,0,1525271
1487171171,0,1542310
1487171187,0,1558265
1487171203,0,1574261
1487171219,0,1590257
1487171221,0,1591825
1487171221,0,1591884
1487171235,0,1606286
1487171251,0,1622255
1487171267,0,1638285
1487171283,0,1654281
1487171299,0,1670259
1487171315,0,1686290
1487171331,0,1702305
1487171347,0,1718281
1487171363,0,1734275
1487171379,0,1750285
1487171395,0,1766267
1487171411,0,1782248
1487171427,0,1798298
1487171443,0,1814244
1487171459,0,1830317
1487171475,0,1845507
1487171491,0,1862317
1487171506,0,1877341
1487171522,0,1893346
1487171524,0,1894804
1487171524,0,1894857
1487171537,0,1908410
1487171553,0,1923552
1487171569,0,1940306
1487171584,0,1955371
1487171600,0,1971312
1487171616,0,1987281
1487171632,0,2003297
1487171648,0,2019276
1487171663,0,2034323
1487171679,0,2050307
1487171695,0,2066290
1487171711,0,2082238
1487171726,0,2097274
1487171743,0,2114308
1487171759,0,2130269
1487171775,0,2146328
1487171791,0,2162318
1487171807,0,2178292
1487171823,0,2194344
1487171825,0,2195783
1487171825,0,2195830
1487171838,0,2209395
1487171854,0,2225328
1487171870,0,2241245
1487171886,0,2257256
1487171902,0,2273277
1487171918,0,2289242
1487171934,0,2305296
1487171950,0,2321277
1487171966,0,2337289
1487171982,0,2353265
1487171998,0,2369269
1487172013,0,2384305
1487172029,0,2400235
1487172045,0,2416243
1487172061,0,2432251
1487172076,0,2447297
1487172092,0,2463306
1487172108,0,2479261
1487172124,0,2495290
1487172126,0,2496827
1487172126,0,2496881
1487172139,0,2510336
1487172156,0,2527294
1487172172,0,2543253
1487172188,0,2559311
1487172204,0,2575262
1487172219,0,2590322
1487172235,0,2606297
1487172251,0,2622257
1487158932,0,1774076
1487158948,0,1790036
1487158964,0,1806017
1487158980,0,1822015
1487158995,0,1837085
1487159010,0,1852131
1487159026,0,1868047
1487159042,0,1884066
1487159057,0,1899137
1487159073,0,1915073
1487159089,0,1931035
1487159105,0,1946990
1487159121,0,1962992
1487159137,0,1979008
1487159153,0,1995044
1487159169,0,2011033
1487159185,0,2027008
1487159200,0,2042074
1487159216,0,2058016
1487159232,0,2073999
1487159234,0,2075497
1487159234,0,2075562
1487159247,0,2089050
1487159264,0,2106006
1487159279,0,2121205
1487159294,0,2136268
1487159310,0,2151303
1487159326,0,2168049
1487159342,0,2184007
1487159357,0,2199040
1487159373,0,2215005
1487159389,0,2231053
1487159405,0,2246993
1487159421,0,2263031
1487159437,0,2279017
1487159453,0,2294988
1487159469,0,2311012
1487159486,0,2328012
1487159502,0,2344003
1487159518,0,2360106
1487159535,0,2377009
1487159537,0,2378450
1487159537,0,2378505
1487159551,0,2393066
1487159566,0,2408119
1487159583,0,2425085
1487159598,0,2440155
1487159613,0,2455208
1487159629,0,2470929
1487159645,0,2487029
1487159661,0,2503046
1487159677,0,2519004
1487159693,0,2535015
1487159708,0,2550087
1487159724,0,2566052
1487159740,0,2582030
1487159756,0,2598054
1487159772,0,2614015
1487159787,8,1382
1487159802,4,2661
1487159817,1,8148
1487159834,0,25108
1487159850,0,41034
1487159852,0,42692
1487159852,0,42758
1487159866,0,57085
1487159881,0,72166
1487159896,0,87212
1487159911,0,102268
1487159928,0,119058
1487159943,0,134262
1487159959,0,150062
1487159975,0,166100
1487159991,0,182069
1487160007,0,198064
1487160022,0,213114
1487160039,0,230077
1487160055,0,246088
1487160071,0,262093
1487160088,0,279047
1487160104,0,295004
1487160120,0,311037
1487160135,0,326071
1487160151,0,342075
1487160153,0,343584
1487160153,0,343647
1487160167,0,358121
1487160182,0,373167
1487160199,0,390098
1487160215,0,406096
1487160231,0,422074
1487160247,0,438035
1487160262,0,453058
1487160278,0,469039
1487160294,0,485040
1487160309,0,500087
1487160325,0,516061
1487160341,0,532073
1487160357,0,548019
1487160373,0,564047
1487160389,0,580025
1487160404,3,872
1487160419,0,15912
1487160434,4,2238
1487160449,4,5263
1487160465,0,21175
1487160467,0,22809
1487160467,0,22845
1487160480,0,36222
1487160495,0,51273
1487160510,0,66312
1487160527,0,83180
1487160543,0,99157
1487160559,0,115188
1487160574,0,130236
1487160590,0,146195
1487160606,0,161496
1487160621,0,177188
1487160636,0,192240
1487160652,0,208165
1487160669,0,225170
1487160685,0,241160
1487160700,0,256353
1487160717,0,273197
1487160733,0,289153
1487160748,0,304196
1487160763,0,319255
1487160780,0,336204
1487160782,0,338178
1487160782,0,338231
1487145148,0,431289
1487145148,0,431983
1487145148,0,432034
1487145163,0,447056
1487145178,0,462099
1487145193,0,477139
1487145208,0,492170
1487145225,0,509069
1487145242,0,525875
1487145257,0,540912
1487145273,0,557047
1487145288,0,572080
1487145303,0,587124
1487145318,0,602169
1487145334,0,617222
1487145349,0,632268
1487145364,0,647310
1487145379,0,662349
1487145395,0,679041
1487145410,0,694136
1487145426,0,709180
1487145441,0,724238
1487145456,0,740077
1487145464,0,748072
1487145464,0,748101
1487145471,0,755122
1487145487,0,770180
1487145502,0,786027
1487145517,0,801045
1487145533,0,817013
1487145548,0,832074
1487145564,0,847990
1487145579,0,863039
1487145594,0,878116
1487145609,0,893159
1487145625,0,909017
1487145641,0,925029
1487145657,0,941056
1487145672,0,956077
1487145688,0,972085
1487145704,0,988067
1487145720,0,1003518
1487145735,0,1018998
1487145750,0,1034039
1487145766,0,1050049
1487145768,0,1051592
1487145768,0,1051644
1487145782,0,1066036
1487145797,0,1081104
1487145813,0,1097038
1487145829,0,1113013
1487145845,0,1128961
1487145861,0,1145039
1487145876,0,1160092
1487145892,0,1176014
1487145908,0,1192009
1487145925,0,1209043
1487145941,0,1224991
1487145957,0,1240982
1487145973,0,1256484
1487145988,0,1271970
1487146004,0,1287964
1487146020,0,1303989
1487146036,0,1319970
1487146052,0,1336002
1487146068,0,1352043
1487146070,0,1353627
1487146070,0,1353674
1487146084,0,1368063
1487146099,0,1383113
1487146114,0,1398138
1487146130,0,1414048
1487146146,0,1430018
1487146162,0,1445999
1487146177,0,1461073
1487146193,0,1477041
1487146209,0,1493074
1487146225,0,1508980
1487146240,0,1524008
1487146257,0,1541002
1487146273,0,1556979
1487146289,0,1573023
1487146305,0,1589003
1487146321,0,1604999
1487146337,0,1620990
1487146353,0,1636776
1487146369,0,1653043
1487146382,0,1666054
1487146382,0,1666103
1487146384,0,1668100
1487146400,0,1684013
1487146416,0,1700032
1487146433,0,1716723
1487146449,0,1732996
1487146464,0,1748034
1487146479,0,1763073
1487146495,0,1778272
1487146510,0,1793296
1487146525,0,1808316
1487176252,0,6622528
1487176253,0,6624003
1487176253,0,6624029
1487176267,0,6637700
1487176282,0,6652753
1487176297,0,6667787
1487176313,0,6684335
1487176328,0,6699373
1487176343,0,6714432
1487176359,0,6730281
1487176375,0,6746308
1487176390,8,53
1487176405,32,2738
1487176422,1,16134
1487176438,0,32107
1487176454,0,48110
1487176470,0,64049
1487176486,0,80070
1487176502,0,96138
1487176519,0,113147
1487176534,0,128173
1487176550,0,144083
1487176566,0,160122
1487176568,0,161564
1487176568,0,161615
1487176582,0,176114
1487176597,0,191186
1487176613,0,207082
1487176628,0,222129
1487176644,0,238102
1487176659,0,253162
1487176675,0,269098
1487176691,0,285085
1487176707,0,301048
1487176723,0,316338
1487176738,0,332085
1487176754,0,348084
1487176770,0,364044
1487176785,0,379100
1487176801,0,395068
1487176817,0,411041
1487176833,0,427041
1487176850,0,444129
1487176866,0,460050
1487176882,0,476049
1487176884,0,477518
1487176884,0,477586
1487176897,0,491095
1487176912,0,506138
1487176928,0,522067
1487176944,0,538112
1487176960,0,554031
1487176976,0,570059
1487176992,0,586058
1487177008,0,602054
1487177024,0,618133
1487177039,1,1525
1487177054,2,12967
1487177070,0,28019
1487177085,0,43923
1487177101,0,59859
1487177117,0,75813
1487177132,0,90875
1487177149,0,107861
1487177165,0,123909
1487177181,0,139119
1487177197,0,155883
1487177199,0,157307
1487177199,0,157383
1487177213,0,171877
1487177228,2,817
1487177243,7,1114
1487177258,4,1610
1487177273,4,7043
1487177289,1,7667
1487177305,0,23667
1487177321,0,39672
1487177336,0,54718
1487177351,0,69774
1487177367,0,85593
1487177383,0,101602
1487177399,0,117583
1487177414,0,132627
1487177430,0,148631
1487177446,0,164658
1487177462,0,180639
1487177478,0,196623
1487177494,0,212588
1487177509,0,227657
1487177510,0,228738
1487177510,0,228773
1487177524,0,242699
1487177540,0,257813
1487177555,0,273614
1487177571,0,289632
1487177586,0,304686
1487177603,0,321712
1487177619,0,337633
1487177635,0,353613
1487177651,0,369603
1487177667,0,385599
1487177683,0,401702
1487177699,0,417611
1487177714,9,381
1487177729,4,12146
1487177744,0,27199
1487177760,0,43172
1487177776,0,59087
1487177791,0,74121
1487177807,0,90094
1487177823,0,106070
1487177825,0,107794
1487177825,0,107837
1487164478,0,838869
1487164494,0,854983
1487164510,0,870849
1487164526,0,886801
1487164541,0,901880
1487164557,0,917878
1487164573,0,933802
1487164589,0,949775
1487164605,0,965790
1487164621,0,981775
1487164637,0,997801
1487164653,0,1013791
1487164669,0,1029785
1487164685,0,1045808
1487164701,0,1061795
1487164717,0,1077841
1487164732,0,1092892
1487164748,0,1108845
1487164764,0,1124798
1487164766,0,1126308
1487164766,0,1126359
1487164780,0,1140846
1487164797,0,1157836
1487164813,0,1173812
1487164829,0,1189828
1487164844,0,1204873
1487164861,0,1221871
1487164876,0,1236915
1487164893,0,1253789
1487164909,0,1269821
1487164924,0,1284867
1487164940,0,1300882
1487164956,0,1316834
1487164972,0,1332780
1487164987,0,1347829
1487165003,0,1363878
1487165019,0,1379823
1487165035,0,1395841
1487165051,0,1411780
1487165067,0,1427821
1487165069,0,1429189
1487165069,0,1429252
1487165083,0,1443853
1487165099,0,1459835
1487165114,0,1474881
1487165130,0,1490854
1487165146,0,1506831
1487165162,0,1522825
1487165177,0,1537880
1487165193,0,1553857
1487165209,0,1569782
1487165225,0,1585819
1487165241,0,1601795
1487165257,0,1617791
1487165273,0,1633855
1487165289,0,1649824
1487165305,0,1665876
1487165320,0,1680946
1487165335,0,1695991
1487165351,0,1711843
1487165367,0,1727871
1487165369,0,1729435
1487165369,0,1729493
1487165383,0,1743833
1487165398,0,1758889
1487165415,0,1775872
1487165431,0,1791843
1487165447,0,1807798
1487165463,0,1823831
1487165479,0,1839831
1487165495,0,1855851
1487165511,0,1871780
1487165527,0,1887817
1487165543,0,1903783
1487165558,0,1918833
1487165574,0,1934869
1487165590,0,1950799
1487165606,0,1966792
1487165622,0,1982798
1487165638,0,1998804
1487165654,0,2014775
1487165670,0,2030784
1487165672,0,2032266
1487165672,0,2032313
1487165686,0,2046824
1487165701,0,2061855
1487165717,0,2077787
1487165733,0,2093806
1487165749,0,2109781
1487165764,0,2124855
1487165780,0,2140871
1487165796,0,2156849
1487165812,0,2172805
1487165828,0,2188798
1487165844,0,2204804
1487165860,0,2220806
1487165876,0,2236804
1487165892,0,2252830
1487165908,0,2268846
1487165923,0,2283890
1487165938,0,2298941
1487165954,0,2314855
1487165970,0,2330829
1487165972,0,2332355
1487165972,0,2332397
1487165986,0,2346857
1487166002,0,2362817
1487166018,0,2378854
1487166034,0,2394834
1487166050,0,2410852
1487166065,0,2425881
1487166081,0,2441854
1487166096,0,2456876
1487166112,0,2472785
1487166127,0,2487830
1487166143,0,2503859
1487166159,0,2519794
1487166175,0,2535856
1487166191,0,2551132
1487166207,0,2567855
1487166223,0,2583839
1487166239,0,2599857
1487166254,0,2614915
1487166270,0,2630823
1487166286,0,2646799
1487166288,0,2648674
1487166288,0,2648734
1487166302,0,2662876
1487166318,0,2678135
1487166333,0,2693868
1487166348,0,2708914
1487166365,0,2725831
1487166382,0,2742289
1487166397,0,2757858
1487166413,0,2773844
1487166428,0,2788895
1487166444,0,2804834
1487166460,0,2820811
1487166476,0,2836812
1487166492,0,2852829
1487166507,0,2867870
1487166522,0,2882919
1487166537,0,2897967
1487166552,0,2913032
1487166568,0,2928089
1487166583,0,2943818
1487166599,0,2959872
1487166601,0,2961330
1487166601,0,2961398
1487166616,0,2976857
1487166633,0,2993845
1487166648,0,3008886
1487166663,0,3023932
1487166679,0,3039857
1487166695,0,3055881
1487166711,0,3071827
1487166727,0,3087885
1487166744,0,3104851
1487166760,0,3120822
1487166775,0,3135869
1487166790,0,3150919
1487166806,0,3166858
1487166821,0,3181893
1487166838,0,3198909
1487166854,0,3214857
1487166870,0,3230817
1487166886,0,3246781
1487166902,0,3262858
1487166904,0,3264334
1487166904,0,3264395
1487166918,0,3278871
1487166934,0,3294862
1487166950,0,3310846
1487166966,0,3326796
1487166982,0,3342812
1487166998,0,3358830
1487167014,0,3374818
1487167029,0,3389838
1487167045,0,3405835
1487167061,0,3421829
1487167077,0,3437821
1487167093,0,3453806
1487167110,0,3470090
1487167125,0,3485129
1487167140,0,3500195
1487167155,0,3515243
1487167170,0,3530286
1487167186,0,3546818
1487167202,0,3562827
1487167218,0,3578797
1487167234,0,3594815
1487167234,0,3594816
1487167234,0,3594868
1487167250,0,3610871
1487167266,0,3626811
1487167282,0,3642810
1487167297,0,3657864
1487167314,0,3674889
1487167330,0,3690741
1487167346,0,3706894
1487167362,0,3722845
1487167378,0,3738853
1487167394,0,3754838
1487167410,0,3770790
1487167425,0,3785830
1487167440,0,3800886
1487167455,0,3815936
1487167470,0,3830979
1487160795,4,266
1487160810,37,5528
1487160825,36,777
1487160840,0,15821
1487160856,0,31640
1487160872,0,47665
1487160888,0,63633
1487160903,0,78696
1487160919,0,94673
1487160935,0,110685
1487160951,0,126620
1487160966,0,141703
1487160982,0,157685
1487160997,0,172849
1487161014,0,189701
1487161030,0,205706
1487161047,0,222670
1487161063,0,238652
1487161079,0,254633
1487161095,0,270671
1487161111,0,286632
1487161111,0,286650
1487161111,0,286675
1487161126,0,301688
1487161141,0,316842
1487161156,0,331883
1487161173,0,348669
1487161189,0,364672
1487161205,0,380642
1487161220,0,395692
1487161237,0,412676
1487161254,0,429690
1487161269,0,444715
1487161286,0,461658
1487161302,0,477647
1487161318,0,493697
1487161334,0,509692
1487161350,0,525607
1487161367,0,542657
1487161382,0,557719
1487161398,0,573670
1487161400,0,575267
1487161400,0,575320
1487161414,0,589659
1487161430,0,605654
1487161446,0,621638
1487161461,0,636685
1487161477,0,652685
1487161493,0,668627
1487161509,0,684640
1487161524,0,699690
1487161540,0,715634
1487161556,0,731599
1487161572,0,747638
1487161588,0,763622
1487161604,0,779605
1487161620,0,795639
1487161636,0,811616
1487161651,0,826663
1487161667,0,842668
1487161682,0,857759
1487161697,0,872806
1487161712,0,887845
1487161714,0,889657
1487161714,0,889720
1487161728,0,903650
1487161743,0,918687
1487161759,0,934631
1487161775,0,950685
1487161791,0,966665
1487161807,0,982640
1487161823,0,998621
1487161839,0,1014623
1487161855,0,1030679
1487161871,0,1046637
1487161886,0,1061680
1487161902,0,1077698
1487161918,0,1093655
1487161934,0,1109648
1487161950,0,1125618
1487161966,0,1141663
1487161982,0,1157651
1487161998,0,1173702
1487162014,0,1189694
1487162016,0,1191166
1487162016,0,1191221
1487162030,0,1205697
1487162046,0,1221701
1487162062,0,1237648
1487162078,0,1253641
1487162094,0,1269644
1487162110,0,1285659
1487162125,0,1300716
1487162141,0,1316695
1487162157,0,1332687
1487162172,0,1347704
1487162188,0,1363649
1487162204,0,1379609
1487162220,0,1395609
1487162235,0,1410673
1487162251,0,1426647
1487162267,0,1442664
1487162283,0,1458681
1487162299,0,1474623
1487162315,0,1490613
1487162317,0,1492186
1487162317,0,1492235
1487162331,0,1506658
1487162347,0,1522660
1487162363,0,1538629
1487162379,0,1554604
1487162395,0,1570602
1487162411,0,1586611
1487162427,0,1602633
1487162443,0,1618655
1487162459,0,1634615
1487162474,0,1649700
1487162491,0,1666677
1487162507,0,1682637
1487162522,0,1697691
1487162538,0,1713672
1487162554,0,1729638
1487162570,0,1745655
1487162586,0,1761667
1487162602,0,1777691
1487162618,0,1793649
1487162620,0,1795151
1487162620,0,1795181
1487172267,0,2638271
1487172283,0,2654255
1487172299,0,2670244
1487172315,0,2686357
1487172331,0,2702263
1487172347,0,2718324
1487172363,0,2734291
1487172379,0,2750270
1487172394,0,2765319
1487172411,0,2782234
1487172427,0,2798261
1487172429,0,2799803
1487172429,0,2799850
1487172443,0,2814294
1487172458,0,2829352
1487172474,0,2845328
1487172490,0,2861273
1487172506,0,2877283
1487172521,0,2892341
1487172537,0,2908323
1487172552,0,2923360
1487172567,0,2938409
1487172584,0,2955352
1487172600,0,2971302
1487172616,0,2987303
1487172632,0,3003298
1487172647,0,3018320
1487172662,0,3033373
1487172679,0,3050276
1487172695,0,3066282
1487172711,0,3082410
1487172727,0,3098319
1487172729,0,3099936
1487172729,0,3099996
1487172742,0,3113363
1487172759,0,3130308
1487172775,0,3146296
1487172790,0,3161336
1487172806,0,3177348
1487172822,0,3193289
1487172838,0,3209317
1487172854,0,3225263
1487172870,0,3241267
1487172886,0,3257321
1487172902,0,3273298
1487172918,0,3289316
1487172934,0,3305270
1487172950,0,3321334
1487172965,0,3336355
1487172982,0,3353333
1487172998,0,3369296
1487173014,0,3385292
1487173030,0,3401269
1487173032,0,3402801
1487173032,0,3402852
1487173046,0,3417313
1487173062,0,3433255
1487173078,0,3449251
1487173094,0,3465273
1487173110,0,3481280
1487173126,0,3497269
1487173142,0,3513262
1487173158,0,3529267
1487173174,0,3545274
1487173190,0,3561267
1487173206,0,3577256
1487173222,0,3593267
1487173238,0,3609272
1487173254,0,3625317
1487173269,0,3640344
1487173285,0,3656271
1487173301,0,3672247
1487173317,0,3688246
1487173332,0,3703287
1487173333,0,3703987
1487173333,0,3704017
1487173347,0,3718340
1487173362,0,3733380
1487173377,0,3748426
1487153467,0,1731192
1487153483,0,1747144
1487153499,0,1763147
1487153515,0,1779163
1487153531,0,1795200
1487153547,0,1811191
1487153563,0,1827163
1487153579,0,1843139
1487153594,0,1858178
1487153611,0,1875196
1487153627,0,1891173
1487153643,0,1907174
1487153659,0,1923158
1487153675,0,1939203
1487153691,0,1955164
1487153707,0,1971162
1487153722,0,1986213
1487153739,0,2003149
1487153755,0,2019152
1487153771,0,2035207
1487153787,0,2051181
1487153803,0,2067154
1487153819,0,2083223
1487153835,0,2099161
1487153851,0,2115156
1487153867,0,2131149
1487153882,0,2146175
1487153884,0,2148114
1487153884,0,2148154
1487153898,0,2162217
1487153913,0,2177242
1487153929,0,2193206
1487153945,0,2209204
1487153961,0,2225228
1487153977,0,2241163
1487153993,0,2257233
1487154009,0,2273201
1487154025,0,2289178
1487154041,0,2305181
1487154057,0,2321159
1487154059,0,2322495
1487154059,0,2322532
1487154073,0,2337175
1487154089,0,2353170
1487154105,0,2369205
1487154121,0,2385183
1487154137,0,2401171
1487154152,0,2416195
1487154169,0,2433174
1487154185,0,2449167
1487154202,0,2466225
1487154218,0,2482145
1487154234,0,2498143
1487154250,0,2514164
1487154266,0,2530158
1487154281,0,2545210
1487154297,0,2561206
1487154313,0,2577161
1487154329,0,2593149
1487154345,0,2609187
1487154361,0,2625149
1487154363,0,2626775
1487154363,0,2626809
1487154377,0,2641183
1487154392,0,2656228
1487154408,0,2672158
1487154424,0,2688170
1487154440,0,2704153
1487154456,0,2720204
1487154471,0,2735237
1487154486,0,2750280
1487154503,0,2767197
1487154519,0,2783155
1487154535,0,2799157
1487154551,0,2815179
1487154567,0,2831205
1487154583,0,2847199
1487154599,0,2863183
1487154615,0,2879174
1487154630,0,2894227
1487154646,0,2910202
1487154662,0,2926222
1487154664,0,2927789
1487154664,0,2927827
1487154679,0,2943170
1487154695,0,2959189
1487154712,0,2976165
1487154728,0,2992197
1487154744,0,3008174
1487154760,0,3024211
1487154776,0,3040196
1487154792,0,3056178
1487154808,0,3072162
1487154824,0,3088164
1487154840,0,3104186
1487154856,0,3120160
1487154871,0,3135197
1487154887,0,3151185
1487154903,0,3167171
1487154919,0,3183154
1487154934,0,3198178
1487154950,0,3214185
1487154966,0,3229513
1487154981,0,3245177
1487154981,0,3245195
1487154981,0,3245220
1487154997,0,3261169
1487155013,0,3277172
1487155029,0,3293160
1487155045,0,3309173
1487155061,0,3325168
1487155077,0,3341159
1487155093,0,3357165
1487155109,0,3373142
1487155125,0,3389169
1487155140,0,3404199
1487155155,1,13834
1487155170,0,28863
1487155185,0,43887
1487155201,0,59913
1487155217,0,75777
1487155233,0,91853
1487155250,0,108757
1487155266,0,124892
1487155268,0,126447
1487155268,0,126485
1487157104,6,8847
1487157120,0,25198
1487157136,0,41162
1487157151,0,56209
1487157166,1,8069
1487157182,0,24092
1487157198,0,40132
1487157215,0,57063
1487157232,0,74030
1487157248,0,89984
1487157263,0,105005
1487157280,0,122073
1487157296,0,138050
1487157312,0,153999
1487157328,0,170018
1487157345,0,187047
1487157361,0,203030
1487157377,0,219069
1487157393,0,234989
1487157395,0,236469
1487157395,0,236535
1487157408,0,250041
1487157424,0,266069
1487157440,0,282024
1487157456,0,298056
1487157471,0,313101
1487157486,0,328146
1487157501,0,343187
1487157518,0,360044
1487157534,0,376021
1487157550,0,392012
1487157565,0,407060
1487157581,0,423048
1487157598,0,440058
1487157613,0,455108
1487157628,0,470153
1487157644,0,486033
1487157660,0,502048
1487157675,0,517100
1487157691,0,533008
1487157706,0,548050
1487157708,0,549580
1487157708,0,549626
1487157722,0,564073
1487157739,0,581077
1487157755,0,597066
1487157771,0,613016
1487157787,0,629026
1487157802,0,644070
1487157818,0,660030
1487157834,0,676018
1487157850,0,692010
1487157866,0,708002
1487157882,0,723993
1487157898,0,739984
1487157914,0,756059
1487157930,0,772064
1487157947,0,789046
1487157963,0,805033
1487157979,0,820993
1487157995,0,836989
1487158011,0,853067
1487158013,0,854449
1487158013,0,854504
1487158027,0,869048
1487158043,0,885017
1487158058,0,900063
1487158074,0,916095
1487158089,0,931150
1487158104,0,946205
1487158120,0,962049
1487158136,0,978022
1487158151,0,993069
1487158167,0,1009084
1487158183,0,1025047
1487158199,0,1041005
1487158215,0,1057022
1487158231,0,1073046
1487158247,0,1089046
1487158263,0,1105024
1487158279,0,1121251
1487158296,0,1138036
1487158312,0,1154011
1487158314,0,1155535
1487158314,0,1155589
1487158329,0,1171050
1487158346,0,1188062
1487158362,0,1204028
1487158378,0,1220059
1487158394,0,1236031
1487158409,0,1251076
1487158424,0,1266133
1487158439,0,1281198
1487158454,0,1296224
1487158469,0,1311266
1487158485,0,1326313
1487158500,0,1341357
1487158516,0,1358013
1487158531,0,1373078
1487158547,0,1389063
1487158563,0,1404994
1487158579,0,1421014
1487158595,0,1437018
1487158612,0,1454052
1487158614,0,1455923
1487158614,0,1455970
1487158628,0,1470066
1487158644,0,1486068
1487158660,0,1502004
1487158676,0,1517989
1487158692,0,1533992
1487158708,0,1549992
1487158723,0,1565051
1487158739,0,1581013
1487158756,0,1598034
1487158771,0,1613069
1487158787,0,1629059
1487158803,0,1645030
1487158818,0,1660066
1487158835,0,1677044
1487158851,0,1693049
1487158867,0,1708997
1487158884,0,1726063
1487158900,0,1742020
1487158916,0,1758064
1487158918,0,1759664
1487158918,0,1759720
1487147831,0,704167
1487147848,0,720990
1487147864,0,736959
1487147880,0,752983
1487147895,0,768007
1487147897,0,769449
1487147897,0,769485
1487147911,0,783976
1487147928,0,800968
1487147945,0,817925
1487147961,0,833949
1487147976,0,848970
1487147992,0,864949
1487148008,0,881012
1487148024,0,896980
1487148039,0,912012
1487148055,0,927960
1487148070,0,943257
1487148087,0,959950
1487148103,0,975967
1487148119,0,991944
1487148135,0,1008010
1487148151,0,1023943
1487148166,0,1038970
1487148182,0,1054992
1487148198,0,1070957
1487148200,0,1072575
1487148200,0,1072617
1487148213,2,1742
1487148228,3,4692
1487148243,0,19735
1487148258,0,34763
1487148274,0,50236
1487148290,0,66185
1487148305,0,81230
1487148321,0,97660
1487148338,0,114673
1487148354,0,130651
1487148370,0,146661
1487148386,0,162688
1487148402,0,178675
1487148418,0,194653
1487148434,0,210654
1487148450,0,226664
1487148466,0,242641
1487148481,0,257681
1487148496,0,272706
1487148511,0,287732
1487148512,0,288985
1487148513,0,289022
1487148527,0,303706
1487148543,0,319674
1487148559,0,335626
1487148574,0,350788
1487148591,0,367663
1487148607,0,383650
1487148623,0,399640
1487148638,0,414673
1487148654,0,430685
1487148670,0,446655
1487148686,0,462655
1487148702,0,478663
1487148718,0,494660
1487148734,0,510648
1487148750,0,526638
1487148765,0,541676
1487148781,0,557641
1487148797,0,573640
1487148813,0,589640
1487148815,0,591149
1487148815,0,591194
1487148830,0,606668
1487148846,0,622673
1487148862,0,638650
1487148878,0,654689
1487148894,0,670651
1487148909,0,685674
1487148926,0,702637
1487148941,0,717859
1487148958,0,734631
1487148974,0,750627
1487148990,0,766636
1487149007,0,783635
1487149023,0,799664
1487149038,0,814698
1487149053,0,829738
1487149070,0,846646
1487149086,0,862665
1487149102,0,878635
1487149117,0,893657
1487149119,0,895036
1487149119,0,895082
1487149133,0,909676
1487149149,0,925629
1487149165,0,941635
1487149181,0,957657
1487149197,0,973642
1487149213,0,989627
1487149229,0,1005637
1487149246,0,1022650
1487149262,0,1038624
1487149277,0,1053672
1487149292,0,1068695
1487149308,0,1084625
1487149324,0,1100633
1487149341,0,1117674
1487149357,0,1133699
1487149373,0,1149635
1487149389,0,1165669
1487149405,0,1181640
1487149420,0,1196668
1487149426,0,1202646
1487149426,0,1202675
1487149436,0,1212681
1487149452,0,1228729
1487149468,0,1244668
1487149484,0,1260646
1487149500,0,1276653
1487149516,0,1292659
1487149532,0,1308629
1487149548,0,1324685
1487149564,0,1340682
1487149580,0,1356642
1487149595,0,1371674
1487149611,0,1387665
1487149627,0,1403652
1487149643,0,1419678
1487149658,0,1434709
1487149674,0,1450696
1487149690,0,1466706
1487149706,0,1482665
1487149722,0,1498635
1487149724,0,1500134
1487149724,0,1500164
1487149738,0,1514701
1487149754,0,1530669
1487149770,0,1546646
1487149786,0,1562668
1487149802,0,1578646
1487149817,0,1593697
1487149833,0,1609673
1487149850,0,1626721
1487149866,0,1642665
1487149882,0,1658675
1487149898,0,1674652
1487149913,3,3073
1487149929,0,19120
1487149944,0,34210
1487149959,0,49228
1487149975,0,65068
1487149990,0,80104
1487150005,0,95143
1487150020,0,110180
1487150035,0,125233
1487150044,0,134040
1487150044,0,134077
1487150051,0,141081
1487150067,0,157032
1487150083,0,173041
1487150099,0,189055
1487150115,0,205069
1487150131,0,221042
1487150148,0,238059
1487150164,0,254050
1487150180,0,270079
1487150196,0,286093
1487150211,0,301111
1487150227,0,317102
1487150242,0,332141
1487150257,0,347185
1487150272,0,362214
1487150289,0,379087
1487150304,0,394135
1487150320,0,410090
1487150335,0,425197
1487150350,0,440231
1487150352,0,441619
1487150352,0,441665
1487150366,0,456051
1487150382,0,472062
1487150398,0,488036
1487150413,0,503065
1487150429,0,519041
1487150445,0,535087
1487150461,0,551041
1487150477,0,567042
1487150492,0,582077
1487150508,0,598071
1487150524,0,614095
1487150540,0,630062
1487150555,0,645102
1487150572,0,662089
1487150588,0,678061
1487150603,0,693105
1487150618,0,708140
1487150633,0,723164
1487150650,0,740073
1487150665,0,755124
1487150667,0,756731
1487150667,0,756757
1487150680,0,770242
1487150695,0,785271
1487150711,0,801108
1487150726,0,816288
1487150743,0,833031
1487150758,0,848059
1487150773,0,863115
1487150788,0,878150
1487150804,0,894165
1487150820,0,910071
1487150835,0,925136
1487150850,0,940161
1487150865,0,955191
1487150880,0,970242
1487150895,0,985284
1487150910,0,1000321
1487150925,0,1015355
1487150941,0,1030387
1487150957,0,1047062
1487150972,0,1062109
1487150974,0,1063628
1487150974,0,1063655
1487150989,0,1079059
1487151005,0,1095078
1487151022,0,1112038
1487151037,0,1127326
1487151054,0,1144051
1487151069,0,1159103
1487151086,0,1176058
1487151102,0,1192105
1487151118,0,1208057
1487151134,0,1224040
1487151149,0,1239083
1487151164,0,1254116
1487151180,0,1270060
1487151196,0,1285670
1487151211,0,1301107
1487151226,0,1316148
1487151241,0,1331198
1487151256,0,1346241
1487151271,0,1361277
1487151287,0,1376483
1487151288,0,1377789
1487151288,0,1377817
1487162634,0,1809680
1487162649,0,1824735
1487162665,0,1840635
1487162681,0,1856661
1487162697,0,1872642
1487162713,0,1888624
1487162729,0,1904623
1487162744,0,1919671
1487162760,0,1935696
1487162776,0,1951626
1487162792,0,1967696
1487162834,0,2009680
1487162849,0,2024753
1487162866,0,2041691
1487162882,0,2057690
1487162898,0,2073618
1487162913,0,2088670
1487162929,0,2104683
1487162931,0,2106333
1487162931,0,2106383
1487162945,0,2120679
1487162961,0,2136628
1487162977,0,2152614
1487162993,0,2168635
1487163009,0,2184632
1487163025,0,2200639
1487163041,0,2216638
1487163057,0,2232663
1487163073,0,2248696
1487163089,0,2264638
1487163105,0,2280636
1487163120,2,5814
1487163135,0,20838
1487163151,0,36837
1487163167,0,52838
1487163183,0,68831
1487163198,0,83876
1487163214,0,99795
1487163230,0,115787
1487163232,0,117324
1487163232,0,117379
1487163245,0,130808
1487163261,0,146817
1487163276,0,161868
1487163292,0,177815
1487163308,0,193750
1487163324,0,209769
1487163339,2,2548
1487163354,0,17570
1487163369,0,32617
1487163384,3,10509
1487163401,0,27390
1487163416,0,42416
1487163431,4,1096
1487163446,2,704
1487163461,2,159
1487163476,4,6282
1487163492,3,246
1487163507,6,908
1487163522,1,3484
1487163537,9,408
1487163538,1,1068
1487163538,0,1114
1487163552,2,7103
1487163567,4,1877
1487163582,6,89
1487163597,3,4574
1487163612,4,953
1487163627,14,1675
1487163642,11,2502
1487163658,0,18860
1487163673,0,33912
1487163688,0,48952
1487163704,0,64828
1487163720,0,80896
1487163735,0,95919
1487163751,0,111931
1487163767,0,127825
1487163782,0,142876
1487163798,0,158842
1487163814,0,174539
1487163830,0,190815
1487163846,0,206796
1487163848,0,208299
1487163848,0,208363
1487163861,0,221897
1487163877,0,237776
1487163893,0,253786
1487163909,0,269831
1487163925,0,285859
1487163941,0,301792
1487163957,0,317820
1487163972,0,332857
1487163987,0,347882
1487164003,0,363794
1487164019,0,379791
1487164034,0,394818
1487164050,0,410831
1487164066,0,426830
1487164082,0,442834
1487164098,0,458785
1487164113,0,473825
1487164129,0,489865
1487164145,0,505839
1487164161,0,521813
1487164163,0,523280
1487164163,0,523328
1487164176,0,537027
1487164192,0,552839
1487164208,0,568830
1487164224,0,584797
1487164239,0,599877
1487164255,0,615846
1487164271,0,631811
1487164287,0,647796
1487164303,0,663835
1487164319,0,679814
1487164335,0,695850
1487164351,0,711823
1487164366,0,726869
1487164382,0,742832
1487164398,0,758915
1487164414,0,774837
1487164430,0,790813
1487164446,0,806796
1487164462,0,822856
1487164464,0,824252
1487164464,0,824301
1487179164,0,1447115
1487179180,0,1463146
1487179195,7,680
1487179210,17,4661
1487179226,0,20594
1487179242,0,36582
1487179257,0,51627
1487179273,0,67598
1487179289,0,83614
1487179305,0,99547
1487179321,0,115635
1487179336,0,130654
1487179353,0,147582
1487179354,0,148219
1487179354,0,148264
1487179369,0,163636
1487179385,0,179553
1487179401,0,195550
1487179417,0,211543
1487179432,0,226605
1487179448,0,242563
1487179463,0,257603
1487179479,0,273575
1487179494,0,288626
1487179510,0,304632
1487179526,0,320665
1487179542,0,336547
1487179558,0,352545
1487179574,0,368559
1487179590,0,384537
1487179606,0,400628
1487179621,0,415680
1487179637,0,431662
1487179653,0,447557
1487179669,0,463570
1487179670,0,464170
1487179670,0,464224
1487179684,0,478618
1487179700,0,494588
1487179716,0,510541
1487179732,0,526546
1487179747,0,541570
1487179763,0,557584
1487179779,0,573549
1487179795,0,589560
1487179810,0,604612
1487179826,0,620592
1487179842,0,636589
1487179857,0,651695
1487179873,0,666735
1487179888,0,681789
1487179904,0,698627
1487179920,0,714572
1487179936,0,730601
1487179951,0,745647
1487179967,0,761568
1487179983,0,777601
1487179984,0,778265
1487179984,0,778323
1487179999,0,793613
1487180014,0,808659
1487180030,0,824619
1487180046,0,840578
1487180061,0,855598
1487180077,0,871558
1487180093,0,887578
1487180109,0,903576
1487180125,0,919629
1487180141,0,935587
1487180157,0,951578
1487180174,0,968578
1487180190,0,984596
1487180206,0,1000535
1487180222,0,1016591
1487180239,0,1033615
1487180255,0,1049606
1487180271,0,1065571
1487180287,0,1080817
1487180287,0,1081440
1487180287,0,1081478
1487180303,0,1097602
1487180319,0,1113616
1487180335,0,1129557
1487180351,0,1145574
1487180367,0,1161566
1487180383,0,1177537
1487180399,0,1193561
1487180415,0,1209581
1487180431,0,1225608
1487180447,0,1241563
1487180463,0,1257575
1487180479,0,1273550
1487180496,0,1290566
1487180512,0,1306554
1487180527,0,1321582
1487180543,0,1337553
1487180558,0,1352608
1487180574,0,1368647
1487180590,0,1384571
1487180591,0,1385144
1487180591,0,1385189
1487180606,0,1400651
1487180622,0,1416588
1487180638,0,1432536
1487180654,0,1448553
1487180671,0,1465585
1487180687,0,1481570
1487180703,0,1497550
1487180719,0,1513544
1487180734,0,1528611
1487180750,0,1544608
1487180766,0,1560612
1487180782,0,1576567
1487180798,0,1592579
1487180814,0,1608562
1487180830,0,1624537
1487180846,0,1640587
1487180863,0,1657624
1487180879,0,1673609
1487180895,0,1689613
1487180896,0,1690190
1487180896,0,1690227
1487180911,0,1705637
1487180927,0,1721543
1487180943,0,1737611
1487180959,0,1753550
1487180975,0,1769548
1487180991,0,1785581
1487181007,0,1801579
1487181022,0,1816627
1487181037,0,1831668
1487181054,0,1848619
1487181070,0,1864580
1487181086,0,1880630
1487181102,0,1896602
1487181118,0,1912580
1487181134,0,1928573
1487181150,0,1944598
1487181166,0,1960584
1487181182,0,1976599
1487181198,0,1992605
1487181199,0,1993375
1487181199,0,1993419
1487181214,0,2008639
1487181230,0,2024589
1487181246,0,2040564
1487181261,0,2055589
1487181277,0,2071590
1487181293,0,2087619
1487181309,0,2103553
1487181325,0,2119578
1487181341,0,2135655
1487181357,0,2151572
1487181373,0,2167560
1487181389,0,2183633
1487181404,0,2198678
1487181420,0,2214657
1487181436,0,2230585
1487181452,0,2246556
1487181468,0,2262573
1487181484,0,2278599
1487181500,0,2294618
1487181501,0,2295262
1487181501,0,2295333
1487181516,0,2310648
1487181531,0,2325701
1487181547,0,2341643
1487181563,0,2357577
1487181579,0,2373580
1487181596,0,2390612
1487181612,0,2406605
1487181628,0,2422577
1487181644,0,2438650
1487181660,0,2453721
1487181675,0,2468764
1487181690,0,2483821
1487181705,0,2499604
1487181720,0,2514620
1487181737,0,2531670
1487181753,0,2547568
1487181769,0,2563580
1487181785,0,2579563
1487181801,0,2595587
1487181802,0,2596189
1487181802,0,2596234
1487181817,0,2611652
1487181833,0,2627576
1487181849,0,2643547
1487181865,0,2659554
1487181881,0,2675632
1487181897,0,2691574
1487181912,0,2706596
1487181928,0,2722575
1487181943,0,2737624
1487181959,0,2753660
1487181976,0,2770636
1487181992,0,2786550
1487182008,0,2802549
1487182024,0,2818653
1487182040,0,2834581
1487182056,0,2850565
1487182072,0,2866567
1487182087,0,2881617
1487182104,0,2898679
1487182105,0,2899438
1487182105,0,2899493
1487182120,0,2914653
1487182136,0,2930626
1487182152,0,2946591
1487182168,0,2962560
1487182184,0,2978584
1487182200,0,2994579
1487182216,0,3010580
1487182232,0,3026576
1487182248,0,3042572
1487182264,0,3058657
1487182281,0,3075572
1487182298,0,3092623
1487182314,0,3107984
1487182329,0,3123584
1487182345,0,3139571
1487182361,0,3155591
1487182377,0,3171626
1487182392,0,3186692
1487182408,0,3202656
1487182409,0,3203260
1487182409,0,3203299
1487182424,0,3218604
1487182440,0,3234611
1487182455,0,3249651
1487182471,0,3265581
1487182487,0,3281640
1487182503,0,3297565
1487182519,0,3313597
1487182534,0,3328650
1487182550,0,3344644
1487182566,0,3360637
1487182582,0,3376591
1487182597,0,3391627
1487182613,0,3407556
1487182628,8,62
1487182643,3,235
1487182658,7,10306
1487182673,0,25333
1487182689,3,13208
1487182704,0,28235
1487182719,0,43292
1487182719,0,43981
1487182719,0,44021
1487182734,0,59089
1487182750,0,75047
1487182766,0,91034
1487182782,0,107057
1487182798,0,123029
1487182814,0,139043
1487182829,0,154102
1487182844,0,169151
1487182861,0,186121
1487182877,0,202057
1487182893,0,218089
1487182909,0,234102
1487182925,0,250113
1487182941,0,266104
1487182957,0,282077
1487182973,0,298101
1487182988,0,313157
1487183005,0,330154
1487183022,0,347156
1487183023,0,347709
1487183023,0,347787
1487183038,0,363139
1487183054,0,379132
1487183070,0,395106
1487183086,0,411058
1487183101,0,426124
1487183117,0,442129
1487183133,0,458078
1487183149,0,474050
1487183165,0,490043
1487183181,0,506053
1487183197,0,522047
1487183213,0,538045
1487183230,0,555080
1487183246,0,571155
1487183262,0,587032
1487183278,0,603073
1487183294,0,618221
1487183309,0,633253
1487183325,0,650110
1487183326,0,650739
1487183326,0,650796
1487183341,0,666136
1487183357,0,682067
1487183372,0,697089
1487183388,0,713154
1487183404,0,729074
1487183420,0,745050
1487183435,0,760085
1487183452,0,777132
1487183468,0,792906
1487183483,0,807949
1487183498,0,823000
1487183514,0,839121
1487183531,0,856106
1487183548,0,873089
1487183564,0,889119
1487183580,0,905100
1487183596,0,921112
1487183612,0,937080
1487183628,0,953132
1487183629,0,953707
1487183629,0,953746
1487183649,0,973874
1487183664,0,988923
1487183680,0,1005154
1487183696,0,1021080
1487183711,0,1036143
1487183727,0,1052171
1487183743,0,1068063
1487183759,0,1084072
1487183775,0,1100074
1487183791,0,1116114
1487183807,0,1132083
1487183823,0,1148054
1487183839,0,1164057
1487183855,0,1180131
1487183871,0,1196040
1487183887,0,1212170
1487183904,0,1229118
1487183920,0,1245109
1487183936,0,1261068
1487183937,0,1261661
1487183937,0,1261711
1487183952,0,1277145
1487183968,0,1293106
1487183984,0,1309078
1487184000,0,1325089
1487184015,0,1340146
1487184031,0,1356150
1487184047,0,1372056
1487184063,0,1388057
1487184078,0,1403087
1487184093,0,1418140
1487184109,0,1434135
1487184125,0,1450079
1487184140,0,1465155
1487184157,0,1482096
1487184173,0,1498051
1487184189,0,1514062
1487184205,0,1530058
1487184221,0,1546082
1487184237,0,1562134
1487184238,0,1562799
1487184238,0,1562850
1487184253,0,1578139
1487184269,0,1594051
1487184285,0,1610091
1487184301,0,1626094
1487184317,0,1641186
1487184332,0,1657090
1487184348,0,1673061
1487184363,0,1688094
1487184379,0,1704062
1487184395,0,1720100
1487184411,0,1736063
1487184427,0,1752086
1487184443,0,1768088
1487184459,0,1784077
1487184475,0,1800053
1487184491,0,1816054
1487184507,0,1832068
1487184523,0,1848083
1487184539,0,1864081
1487184540,0,1864665
1487184540,0,1864726
1487184555,0,1880141
1487184572,0,1897149
1487184588,0,1913139
1487184604,0,1929101
1487184620,0,1945057
1487184636,0,1961054
1487184653,0,1978085
1487184669,0,1994097
1487184685,0,2010078
1487184701,0,2026082
1487184717,0,2042050
1487184733,0,2058057
1487184749,0,2074092
1487184765,0,2090082
1487184781,0,2106091
1487184797,0,2122073
1487184812,0,2137096
1487184828,0,2153053
1487184844,0,2169111
1487184845,0,2169821
1487184845,0,2169869
1487184860,0,2185143
1487184876,0,2200192
1487184892,0,2217155
1487184908,0,2233104
1487184924,0,2249074
1487184940,0,2265062
1487184956,0,2281089
1487184972,0,2297089
1487184988,0,2313097
1487185004,0,2329129
1487185020,0,2345113
1487185036,0,2361071
1487185052,0,2377050
1487185067,0,2392114
1487185083,0,2408118
1487185099,0,2424076
1487185115,0,2440077
1487185131,0,2456082
1487185147,0,2472091
1487185148,0,2472831
1487185148,0,2472887
1487185163,0,2488163
1487185179,0,2504065
1487185195,0,2520096
1487185211,0,2536059
1487185227,0,2552035
1487185243,0,2568063
1487185259,0,2584101
1487185275,0,2600150
1487185291,0,2615199
1487185306,0,2630251
1487185321,0,2646147
1487185338,0,2663124
1487185354,0,2679100
1487185370,0,2695084
1487185386,0,2711078
1487185402,0,2727100
1487185418,0,2743069
1487185434,0,2759128
1487185450,0,2775094
1487185451,0,2775750
1487185451,0,2775802
1487185466,0,2791095
1487185482,0,2807081
1487185498,0,2823038
1487185514,0,2839052
1487185530,0,2855099
1487185546,0,2871079
1487185562,0,2887093
1487185579,0,2904079
1487185594,0,2919138
1487185610,0,2935063
1487185625,0,2950121
1487185642,0,2967101
1487185657,0,2982138
1487185674,0,2999143
1487185689,0,3014183
1487185705,0,3030100
1487185721,0,3046092
1487185737,0,3062092
1487185753,0,3078097
1487185754,0,3078551
1487185754,0,3078592
1487185769,0,3094103
1487185785,0,3110102
1487185801,0,3126103
1487185817,0,3142073
1487185833,0,3158085
1487185849,0,3174066
1487185865,0,3190093
1487185881,0,3206054
1487185897,0,3222068
1487185913,0,3238090
1487185929,0,3254070
1487185945,0,3270114
1487185961,0,3286056
1487185977,0,3302077
1487185992,0,3317097
1487186008,0,3333086
1487186024,0,3349059
1487186040,0,3365056
1487186055,0,3380097
1487186056,0,3380652
1487186056,0,3380693
1487186071,0,3396165
1487186087,0,3412078
1487186103,0,3428069
1487186120,0,3445132
1487186136,0,3461094
1487186152,0,3477071
1487186168,0,3493097
1487186184,0,3509122
1487186200,0,3525133
1487186216,0,3541125
1487186232,0,3557089
1487186248,0,3573112
1487186264,0,3589075
1487186280,0,3605137
1487186295,0,3620175
1487186311,0,3636109
1487186327,0,3652060
1487186343,0,3668096
1487186359,0,3684110
1487186360,0,3684714
1487186360,0,3684765
1487186375,0,3700146
1487186391,0,3716069
1487186407,0,3732082
1487186424,0,3749143
1487186440,0,3765112
1487186456,0,3781073
1487186472,0,3797099
1487186488,0,3813070
1487186504,0,3829075
1487186520,0,3845152
1487186536,0,3861074
1487186552,0,3877089
1487186568,0,3893099
1487186585,0,3910076
1487186600,0,3925127
1487186616,0,3941099
1487186632,0,3957088
1487186648,0,3973094
1487186663,0,3988152
1487186664,0,3988816
1487186664,0,3988857
1487186679,0,4004182
1487186695,0,4020091
1487186711,0,4036149
1487186727,0,4052114
1487186743,0,4068089
1487186759,0,4084099
1487186775,0,4100090
1487186791,0,4116065
1487186807,0,4132103
1487186823,0,4148117
1487186838,0,4163154
1487186855,0,4180096
1487186871,0,4196075
1487186887,0,4212086
1487186903,0,4228076
1487186919,0,4244046
1487186935,0,4260094
1487186951,0,4276073
1487186967,0,4292072
1487186968,0,4292699
1487186968,0,4292750
1487186983,0,4308146
1487186998,0,4323185
1487187014,0,4338239
1487187029,0,4353295
1487187045,0,4370076
1487187061,0,4386078
1487187076,0,4401180
1487187092,0,4416218
1487187107,0,4431280
1487187122,0,4446334
1487187137,0,4461378
1487188994,0,6318623
1487188995,0,6319232
1487188995,0,6319261
1487189009,0,6333669
1487189024,0,6348728
1487189039,0,6363760
1487189055,0,6380110
1487189071,0,6396136
1487189087,0,6412132
1487189102,3,6161
1487189118,2,566
1487189133,2,9203
1487189148,1,12439
1487189163,0,27457
1487189178,0,42480
1487189193,0,57513
1487189208,0,72542
1487189223,0,87563
1487189238,16,573
1487189253,3,7079
1487189268,5,7322
1487189283,1,13154
1487189298,1,5516
1487189299,0,6209
1487189299,0,6274
1487189313,4,588
1487189328,6,349
1487189343,2,4559
1487189358,2,6562
1487189373,7,415
1487189388,10,993
1487189403,4,3082
1487189418,4,2246
1487189433,13,74
1487189448,15,349
1487189463,2,9973
1487189478,5,1031
1487189493,6,1440
1487189508,6,1351
1487189523,14,1804
1487189538,1,11971
1487189554,5,1539
1487189569,2,9974
1487189584,3,943
1487189599,5,2628
1487189599,0,3222
1487189599,0,3269
1487189614,6,2991
1487189629,8,1563
1487189644,16,890
1487189659,20,985
1487189674,5,2647
1487189689,7,2973
1487189704,9,466
1487189719,8,1823
1487189734,11,964
1487189749,4,5864
1487189764,0,20885
1487189780,0,37437
1487189797,0,54445
1487189812,0,69471
1487189827,0,84493
1487189844,0,101441
1487189861,0,118451
1487189876,0,133472
1487189891,0,148493
1487189908,0,165416
1487189909,0,166171
1487189909,0,166203
1487189923,0,180447
1487189938,0,195469
1487189953,0,210492
1487189969,5,1644
1487189984,2,5061
1487189999,2,11987
1487190014,3,3233
1487190029,4,320
1487190044,9,1222
1487190059,9,340
1487190074,3,911
1487190089,9,1684
1487190104,5,1103
1487190119,4,2091
1487190134,10,350
1487190149,10,1545
1487190164,7,586
1487190179,7,591
1487190194,8,5331
1487190210,5,1264
1487190210,0,1880
1487190210,0,1916
1487190225,16,809
1487190240,15,2396
1487190255,13,5187
1487190270,14,1549
1487190285,11,591
1487190300,2,8925
1487190315,0,23983
1487190331,0,40305
1487190347,0,56271
1487190362,0,71341
1487190378,0,87298
1487190394,0,102355
1487190409,0,117423
1487190424,0,133309
1487190440,0,148372
1487190456,0,164504
1487190471,0,179889
1487190486,0,194943
1487190501,0,209977
1487190516,0,225038
1487190517,0,225730
1487190517,0,225784
1487190531,0,240085
1487190547,0,256272
1487190563,0,271378
1487190578,0,286433
1487190594,0,303303
1487190610,0,318355
1487190625,0,334296
1487190641,0,349365
1487190656,0,364401
1487190671,0,379452
1487190686,0,395291
1487190702,0,411336
1487190718,0,426383
1487190734,0,442356
1487190750,0,459306
1487190766,0,475265
1487190781,0,490322
1487190797,0,505422
1487190812,0,520468
1487190827,0,535526
1487190827,0,536250
1487190827,0,536292
1487190842,0,551291
1487190858,0,567331
1487190874,0,582357
1487190889,0,597411
1487190905,0,613592
1487190920,0,628642
1487190936,0,645323
1487190952,0,660380
1487190967,0,675447
1487190982,0,691224
1487190998,0,706590
1487191014,0,723285
1487191030,0,739342
1487191046,0,754399
1487191061,0,770312
1487191077,0,785362
1487191093,0,802288
1487191109,0,818245
1487191124,0,833272
1487191139,0,848332
1487191140,0,849009
1487191140,0,849054
1487191155,0,863389
1487191170,0,878449
1487191185,0,893477
1487191200,0,908519
1487191215,0,924191
1487191231,0,939492
1487191247,0,956321
1487191263,0,972343
1487191280,0,989321
1487191296,0,1004378
1487191311,0,1020316
1487191327,0,1035375
1487191342,0,1050559
1487191357,0,1066273
1487191373,0,1081349
1487191388,0,1096397
1487191403,0,1111462
1487191418,0,1126510
1487191433,0,1141707
1487191449,0,1158332
1487191450,0,1158839
1487191450,0,1158884
1487191465,0,1173756
1487191481,0,1190300
1487191496,0,1205347
1487191512,0,1220389
1487191527,0,1236275
1487191543,0,1252338
1487191559,0,1267386
1487191574,0,1282709
1487191590,0,1299307
1487191606,0,1315255
1487191621,0,1330302
1487191637,0,1345475
1487191652,0,1361275
1487191668,0,1376523
1487191684,0,1393291
1487191700,0,1409323
1487191716,0,1424374
1487191731,0,1439592
1487191746,0,1454649
1487191761,0,1469953
1487191762,0,1470569
1487191762,0,1470620
1487191777,0,1486305
1487191793,0,1502318
1487191809,0,1517372
1487191825,0,1533466
1487191841,0,1550326
1487191857,0,1565375
1487191872,2,8327
1487191887,0,24203
1487191903,0,40169
1487191918,0,55225
1487191934,0,70259
1487191949,0,86182
1487191965,0,102189
1487191980,0,117222
1487191996,0,132267
1487192011,0,147329
1487192026,0,162373
1487192041,0,177416
1487192056,0,192472
1487192071,0,207534
1487192072,0,208289
1487192072,0,208341
1487192086,0,222588
1487192101,0,237659
1487192116,0,252715
1487192131,0,267757
1487192146,0,282805
1487192161,0,297846
1487192176,0,312902
1487192191,0,327959
1487192206,0,343011
1487192221,0,358059
1487192236,0,373113
1487192252,0,389163
1487192268,0,405140
1487192283,0,420198
1487192299,0,436212
1487192315,0,451265
1487192330,0,466309
1487192345,0,481359
1487192360,0,496406
1487192375,0,511464
1487192375,0,512154
1487192375,0,512200
1487192390,0,526519
1487192405,0,541588
1487192420,0,557168
1487192435,0,572205
1487192451,0,588156
1487192466,0,603213
1487192482,0,619157
1487192497,0,634214
1487192513,0,649251
1487192528,0,664302
1487192543,0,679365
1487192558,0,694413
1487192573,0,709478
1487192588,0,724534
1487192603,0,739803
1487192618,0,754845
1487192633,0,769903
1487192648,0,784965
1487192663,0,800012
1487192678,0,815072
1487192679,0,815766
1487192679,0,815809
1487192693,0,830116
1487192708,0,845177
1487192724,0,860234
1487192739,0,875281
1487192754,0,890328
1487192769,1,5611
1487192784,0,20634
1487192799,0,35682
1487192814,0,50738
1487192830,0,67055
1487192846,0,83429
1487192862,0,98484
1487192877,0,113534
1487192892,0,128578
1487192907,0,143632
1487192922,0,158694
1487192937,0,173748
1487192953,0,189504
1487192968,0,205278
1487192984,0,220653
1487192984,0,221230
1487192984,0,221269
1487192999,0,235954
1487193014,0,251004
1487193029,0,266059
1487193044,0,281116
1487193059,0,296172
1487193074,0,311238
1487193089,0,326295
1487193106,0,342486
1487193121,0,357533
1487193136,0,372586
1487193151,0,388440
1487193167,0,403490
1487193182,0,418549
1487193197,0,433608
1487193212,0,448654
1487193227,0,463701
1487193242,0,478751
1487193257,0,493799
1487193273,0,510395
1487193288,0,525448
1487193304,0,540488
1487193315,0,552090
1487193315,0,552150
1487193319,0,555527
1487193334,0,570559
1487193349,0,585615
1487193364,0,600676
1487193379,0,615696
1487193394,0,630749
1487193409,0,645808
1487193424,0,660856
1487193439,0,675906
1487193455,0,692396
1487193470,0,707446
1487193486,0,722509
1487193501,0,737630
1487193516,0,752676
1487193532,0,769426
1487193548,0,784482
1487193563,0,799541
1487193578,0,814593
1487193593,0,829650
1487193593,0,830386
1487193593,0,830452
1487193608,0,844705
1487193623,0,859753
1487193638,0,874801
1487193653,0,889834
1487193668,0,905026
1487193684,0,921380
1487193700,0,937433
1487193716,0,952485
1487193731,0,967541
1487193746,0,982600
1487193762,0,999404
1487193778,0,1015427
1487193793,0,1030460
1487193809,0,1045514
1487193824,0,1060573
1487193839,0,1075623
1487193854,0,1090679
1487193869,0,1105730
1487193884,0,1120782
1487193899,0,1136444
1487193900,0,1137083
1487193900,0,1137133
1487193915,0,1151499
1487193930,0,1166554
1487193945,0,1182389
1487193960,0,1197448
1487193976,0,1212501
1487193991,0,1227541
1487194006,0,1243442
1487194022,0,1259449
1487194038,0,1275443
1487194054,0,1290500
1487194069,0,1306439
1487194085,0,1321904
1487194100,0,1336953
1487194115,0,1352006
1487194130,0,1367063
1487194145,0,1382121
1487194160,0,1397169
1487194175,0,1412222
1487194190,0,1427287
1487194206,0,1443380
1487194207,0,1443960
1487194207,0,1444013
1487194223,0,1460400
1487194238,0,1475445
1487194254,0,1490500
1487194269,0,1505554
1487194285,0,1521719
1487194301,0,1538405
1487194317,0,1554424
1487194333,0,1569473
1487194349,0,1586426
1487194365,0,1601487
1487194380,0,1617419
1487194396,0,1632474
1487194412,0,1648491
1487194427,0,1663537
1487194442,0,1678583
1487194458,0,1695446
1487194474,0,1710482
1487194489,0,1725538
1487194504,0,1740585
1487194519,0,1755655
1487194519,0,1756375
1487194519,0,1756419
1487194534,0,1770718
1487194549,0,1785769
1487194564,0,1800828
1487194579,0,1816413
1487194595,0,1831493
1487194610,0,1847411
1487194626,0,1863298
1487194642,0,1879432
1487194658,0,1895428
1487194674,0,1911429
1487194690,0,1926471
1487194707,0,1943464
1487194722,0,1959452
1487194738,0,1975426
1487194754,0,1990478
1487194769,0,2006403
1487194785,0,2022445
1487194801,0,2037499
1487194816,0,2052551
1487194831,0,2068422
1487194832,0,2069030
1487194832,0,2069077
1487194848,0,2084471
1487194863,0,2100462
1487194879,0,2115535
1487194894,0,2131448
1487194910,0,2147450
1487194927,0,2164320
1487194944,0,2180476
1487194959,0,2196405
1487194975,0,2212390
1487194990,0,2227440
1487195006,0,2242485
1487195021,0,2257541
1487195036,0,2272618
1487195051,0,2287670
1487195066,0,2302726
1487195081,0,2317951
1487195097,0,2334382
1487195113,0,2350443
1487195129,0,2365500
1487195144,0,2381462
1487195145,0,2382023
1487195145,0,2382079
1487195160,0,2397436
1487195176,0,2412480
1487195191,0,2428451
1487195210,0,2446925
1487195225,0,2461957
1487195240,0,2477047
1487195256,0,2493458
1487195273,0,2509476
1487195288,0,2524532
1487195303,0,2539593
1487195318,0,2555424
1487195334,0,2571319
1487195351,0,2588445
1487195367,0,2604453
1487195383,0,2619496
1487195398,0,2635320
1487195413,0,2650360
1487195429,0,2666433
1487195445,0,2682434
1487195446,0,2683066
1487195446,0,2683107
1487195461,0,2698164
1487195477,0,2713464
1487195492,0,2728538
1487195507,0,2743589
1487195522,0,2758637
1487195537,0,2774450
1487195554,0,2790471
1487195570,0,2807439
1487195586,0,2823186
1487195602,0,2839450
1487195620,0,2856476
1487195635,0,2872424
1487195652,0,2889456
1487195668,0,2905411
1487195684,0,2920476
1487195699,0,2935516
1487195714,0,2950614
1487195729,0,2966425
1487195744,0,2981463
1487195760,0,2996787
1487195761,0,2997465
1487195761,0,2997519
1487195775,0,3012040
1487195790,0,3027070
1487195806,0,3043455
1487195822,0,3058509
1487195837,0,3073542
1487195852,0,3088585
1487195867,0,3103838
1487195883,0,3120398
1487195898,0,3135443
1487195914,0,3150483
1487195929,0,3165671
1487195945,0,3181495
1487195961,0,3197473
1487195976,0,3212533
1487195991,0,3227592
1487196006,0,3242635
1487196021,0,3258397
1487196037,0,3274435
1487196053,0,3289488
1487196069,0,3306075
1487196070,0,3306669
1487196070,0,3306700
1487196084,0,3321099
1487196099,0,3336153
1487196115,0,3352203
1487196131,0,3368397
1487196147,0,3384455
1487196164,0,3400472
1487196179,0,3416410
1487196195,0,3431473
1487196210,0,3447444
1487196226,0,3463462
1487196242,0,3478508
1487196257,0,3493565
1487196273,0,3509476
1487196289,0,3526264
1487196305,0,3541634
1487196321,0,3558452
1487196337,0,3573477
1487196352,0,3589406
1487196368,0,3605413
1487196385,0,3622402
1487196386,0,3622961
1487196386,0,3623012
1487196402,0,3638481
1487196417,0,3654230
1487196433,0,3670432
1487196449,0,3685487
1487196464,0,3700535
1487196479,0,3716291
1487196494,0,3731344
1487196511,0,3748434
1487196527,0,3763487
1487196543,0,3779492
1487196558,0,3795057
1487196574,0,3811456
1487196590,0,3827426
1487196606,0,3843405
1487196622,0,3859430
1487196640,0,3876465
1487196655,0,3892301
1487196670,0,3907377
1487196687,0,3923473
1487196687,0,3923956
1487196687,0,3924005
1487196702,0,3938510
1487196727,0,3964447
1487196744,0,3980477
1487196760,0,3997433
1487196776,0,4013436
1487196792,0,4029439
1487196808,0,4044501
1487196823,0,4060460
1487196839,0,4075521
1487196854,0,4090541
1487196869,0,4106442
1487196887,0,4123473
1487196903,0,4139468
1487196918,0,4155433
1487196934,0,4170493
1487196949,0,4186426
1487196966,0,4202509
1487196982,0,4218475
1487196997,0,4234445
1487196998,0,4235011
1487196998,0,4235055
1487197013,0,4250408
1487197029,0,4266415
1487197045,0,4281820
1487197060,0,4297436
1487197076,0,4313427
1487197091,0,4328456
1487197107,0,4343498
1487197122,0,4358526
1487197137,0,4373566
1487197152,0,4388605
1487197167,0,4403631
1487197182,0,4418672
1487197197,0,4433693
1487197212,0,4448713
1487197227,0,4463741
1487197242,0,4478770
1487197257,0,4493797
1487197272,0,4509411
1487197288,0,4524592
1487197305,0,4541508
1487197305,0,4542243
1487197305,0,4542301
1487197321,0,4557519
1487197336,0,4572567
1487197351,0,4588419
1487197367,0,4603472
1487197382,0,4619415
1487197397,0,4634440
1487197414,0,4650476
1487197429,0,4666455
1487197445,0,4682406
1487197462,0,4698465
1487197477,0,4713497
1487197494,0,4730477
1487197509,0,4746439
1487197525,0,4762462
1487197546,0,4782572
1487197562,0,4798482
1487197577,0,4813538
1487197592,0,4829418
1487197608,0,4845457
1487197609,0,4846088
1487197609,0,4846152
1487197625,0,4861494
1487197640,0,4876548
1487197656,0,4892467
1487197671,0,4907706
1487197686,0,4923435
1487197702,0,4939440
1487197719,0,4955478
1487197734,0,4971456
1487197750,0,4987334
1487197766,0,5003430
1487197782,0,5019454
1487197798,0,5034501
1487197813,0,5049534
1487197829,0,5065494
1487197845,0,5081469
1487197861,0,5097476
1487197876,0,5112532
1487197893,0,5129481
1487197909,0,5146456
1487197910,0,5147059
1487197910,0,5147120
1487197926,0,5162485
1487197941,0,5178444
1487197958,0,5194473
1487197974,0,5210467
1487197991,0,5227487
1487198006,0,5242536
1487198022,0,5259455
1487198038,0,5275463
1487198054,0,5290511
1487198069,0,5305563
1487198084,0,5321446
1487198100,0,5337439
1487198116,0,5352489
1487198131,0,5367552
1487198148,0,5384489
1487198163,0,5399562
1487198179,0,5415487
1487198195,0,5431494
1487198210,0,5447459
1487198211,0,5448147
1487198211,0,5448200
1487198227,0,5463489
1487198242,0,5478537
1487198259,0,5495477
1487198274,0,5510532
1487198290,0,5526472
1487198305,0,5542462
1487198321,0,5558238
1487198337,0,5574417
1487198353,0,5590440
1487198369,0,5606417
1487198385,0,5622242
1487198400,0,5637422
1487198416,0,5652500
1487198432,0,5668469
1487198448,0,5684467
1487198463,0,5699509
1487198480,0,5716475
1487198495,0,5731496
1487198511,0,5748463
1487198512,0,5749098
1487198512,0,5749150
1487198527,0,5764417
1487198544,0,5780468
1487198559,0,5796410
1487198576,0,5812464
1487198591,0,5828447
1487198608,0,5844474
1487198623,0,5860441
1487198641,0,5877527
1487198656,0,5892578
1487198671,0,5907968
1487198687,0,5924459
1487198704,0,5940464
1487198719,0,5956461
1487198735,0,5972420
1487198751,0,5988422
1487198769,0,6005466
1487198785,0,6021499
1487198800,0,6037429
1487198816,0,6053441
1487198817,0,6054213
1487198817,0,6054269
1487198833,0,6069478
1487198848,0,6084706
1487198865,0,6101520
1487198880,0,6116689
1487198895,0,6131727
1487198912,0,6148496
1487198927,0,6164445
1487198943,0,6180427
1487198959,0,6195468
1487198975,0,6211497
1487198990,0,6227447
1487199006,0,6242503
1487199021,0,6257544
1487199037,0,6273484
1487199052,0,6288542
1487199068,0,6304476
1487199084,0,6320504
1487199099,0,6336431
1487199115,0,6352443
1487199131,0,6367519
1487199131,0,6368320
1487199131,0,6368375
1487199147,0,6383476
1487199162,0,6399407
1487199178,0,6415431
1487199193,0,6430454
1487199211,0,6447484
1487199226,0,6463431
1487199243,0,6479468
1487199260,0,6496496
1487199275,0,6512463
1487199292,0,6528475
1487199307,0,6544417
1487199323,0,6559467
1487199338,0,6574495
1487199353,0,6590453
1487199369,0,6606448
1487199387,0,6623507
1487199402,0,6639449
1487199418,0,6654515
1487199433,0,6669782
1487199433,0,6670279
1487199433,0,6670311
1487199450,0,6686504
1487199465,0,6701561
1487199481,0,6717475
1487199496,0,6732524
1487199511,0,6747577
1487199528,0,6764481
1487199543,0,6780443
1487199559,0,6795471
1487199576,0,6812471
1487199591,0,6828448
1487199607,0,6843501
1487199622,0,6859446
1487199639,0,6876446
1487199655,0,6892433
1487199671,0,6907747
1487199687,0,6923478
1487199702,0,6939448
1487199718,0,6955445
1487199734,0,6970476
1487199734,0,6971055
1487199734,0,6971097
1487199750,0,6986494
1487199766,0,7003435
1487199782,0,7018472
1487199797,0,7033510
1487199813,0,7050435
1487199829,0,7066463
1487199845,0,7081553
1487199860,0,7096595
1487199875,0,7111654
1487199891,0,7128428
1487199907,0,7143706
1487199922,0,7158758
1487199938,0,7174495
1487199954,0,7190475
1487199970,0,7206507
1487199985,0,7222417
1487200001,0,7238440
1487200018,0,7255427
1487200033,0,7270448
1487200050,0,7286510
1487200050,0,7287129
1487200050,0,7287168
1487200066,0,7302486
1487200082,0,7318476
1487200097,0,7334411
1487200113,0,7350460
1487200129,0,7366056
1487200145,0,7382435
1487200161,0,7398438
1487200178,0,7414472
1487200194,0,7430491
1487200209,0,7445529
1487200225,0,7461478
1487200241,0,7477499
1487200256,0,7492549
1487200271,0,7507593
1487200288,0,7524508
1487200304,0,7540500
1487200319,0,7556456
1487200335,0,7571475
1487200350,0,7586535
1487200350,0,7587179
1487200350,0,7587221
1487200366,0,7603442
1487200382,0,7618495
1487200397,0,7633551
1487200412,0,7648591
1487200428,0,7664479
1487200444,0,7680480
1487200460,0,7697452
1487200477,0,7713466
1487200492,0,7729449
1487200508,0,7745435
1487200525,0,7761466
1487200540,0,7777442
1487200556,0,7793427
1487200572,0,7809436
1487200593,0,7829694
1487200609,0,7845498
1487200625,0,7861466
1487200640,0,7877461
1487200656,0,7892532
1487200656,0,7893227
1487200656,0,7893277
1487200671,0,7907720
1487200687,0,7923481
1487200702,0,7939459
1487200720,0,7956485
1487200737,0,7973486
1487200752,0,7988963
1487200767,0,8004439
1487200783,0,8020437
1487200799,0,8036453
1487200815,0,8051504
1487200831,0,8067475
1487200846,0,8082531
1487200863,0,8099486
1487200878,0,8114547
1487200895,0,8131492
1487200910,0,8147463
1487200926,0,8162515
1487200942,0,8178465
1487200957,0,8194454
1487200958,0,8195052
1487200958,0,8195094
1487200974,0,8210515
1487200989,0,8225574
1487201004,0,8241091
1487201021,0,8257484
1487201037,0,8274457
1487201053,0,8289511
1487201070,0,8306492
1487201086,0,8322467
1487201101,0,8337489
1487201116,0,8352549
1487201131,0,8367609
1487201148,0,8384503
1487201163,0,8399563
1487201178,0,8414614
1487201195,0,8431493
1487201211,0,8447493
1487201226,0,8462540
1487201242,0,8478505
1487201259,0,8495477
1487201259,0,8496071
1487201259,0,8496123
1487201275,0,8511483
1487201291,0,8527476
1487201306,0,8543463
1487201322,0,8559448
1487201338,0,8574477
1487201354,0,8590478
1487201370,0,8606469
1487201387,0,8623471
1487201403,0,8639467
1487201418,0,8655463
1487201435,0,8671540
1487201452,0,8688503
1487201468,0,8704473
1487201484,0,8720478
1487201499,0,8736452
1487201516,0,8753437
1487201532,0,8769440
1487201548,0,8784499
1487201564,0,8800473
1487201564,0,8801094
1487201564,0,8801141
1487201580,0,8816496
1487201595,0,8831545
1487201611,0,8847483
1487201627,0,8863466
1487201644,0,8880504
1487201660,0,8896517
1487201675,0,8911557
1487201690,0,8926603
1487201706,0,8942505
1487201723,0,8959491
1487201739,0,8975497
1487201754,0,8991105
1487201770,0,9007441
1487201787,0,9023505
1487201803,0,9039479
1487201819,0,9055515
1487201834,0,9071137
1487201851,0,9087506
1487201867,0,9103465
1487201867,0,9104079
1487201867,0,9104130
1487201882,0,9118642
1487201899,0,9135475
1487201915,0,9151495
1487201931,0,9167468
1487201946,0,9182539
1487201962,0,9198480
1487201978,0,9214499
1487201993,0,9230434
1487202010,0,9247457
1487202027,0,9263490
1487202042,0,9278536
1487202057,0,9294460
1487202074,0,9310525
1487202089,0,9325583
1487202105,0,9341503
1487202120,0,9357460
1487202136,0,9372512
1487202151,0,9387584
1487202167,0,9403494
1487202167,0,9404051
1487202167,0,9404086
1487202184,0,9420520
1487202200,0,9436465
1487202215,0,9451515
1487202232,0,9468478
1487202247,0,9483756
1487202263,0,9499481
1487202278,0,9514567
1487202293,0,9529587
1487202308,0,9544825
1487202323,0,9560122
1487202338,0,9575182
1487202353,0,9590233
1487202368,0,9605269
1487202383,0,9620322
1487202400,0,9636505
1487202415,0,9652460
1487202431,0,9668436
1487202448,0,9684493
1487202463,0,9699724
1487202479,0,9715710
1487202479,0,9716324
1487202479,0,9716376
1487202494,0,9730995
1487202511,0,9747484
1487202526,0,9762529
1487202542,0,9778495
1487202557,0,9793543
1487202572,0,9808595
1487202587,0,9823680
1487202603,0,9839506
1487202619,0,9855471
1487202635,0,9871489
1487202651,0,9887482
1487202667,0,9903498
1487202683,0,9919505
1487202699,0,9935496
1487202714,0,9950547
1487202729,0,9966458
1487202745,0,9981495
1487202761,0,9997479
1487202776,0,10012680
1487202793,0,10029519
1487202793,0,10030128
1487202793,0,10030170
1487202808,0,10044563
1487202824,0,10060504
1487202839,0,10075552
1487202854,0,10090604
1487202870,0,10106496
1487202885,0,10121549
1487202901,0,10137517
1487202916,0,10152577
1487202931,0,10167639
1487202946,0,10183447
1487202962,0,10198873
1487202979,0,10215467
1487202994,0,10230524
1487203009,0,10245579
1487203024,0,10260630
1487203041,0,10277466
1487203056,0,10292521
1487203072,0,10308494
1487203087,0,10323679
1487203102,0,10339445
1487203103,0,10340034
1487203103,0,10340092
1487203119,0,10355515
1487203135,0,10371486
1487203150,0,10386538
1487203166,0,10402504
1487203181,0,10418403
1487203197,0,10434434
1487203213,0,10449530
1487203228,0,10465460
1487203245,0,10482460
1487203261,0,10497531
1487203276,0,10512581
1487203291,0,10527819
1487203308,0,10544481
1487203324,0,10560487
1487203339,0,10575545
1487203355,0,10591480
1487203371,0,10607477
1487203387,0,10623510
1487203403,0,10639505
1487203403,0,10640173
1487203403,0,10640223
1487203418,0,10654548
1487203434,0,10670513
1487203450,0,10686472
1487203467,0,10703563
1487203482,0,10718603
1487203497,0,10733653
1487203514,0,10750466
1487203529,0,10766444
1487203545,0,10781495
1487203562,0,10798478
1487203577,0,10813525
1487203594,0,10830488
1487203610,0,10846498
1487203626,0,10863460
1487203643,0,10879499
1487203659,0,10895469
1487203675,0,10911482
1487203691,0,10927526
1487203707,0,10943502
1487203707,0,10944117
1487203707,0,10944171
1487203724,0,10960519
1487203740,0,10976495
1487203755,0,10991541
1487203771,0,11007474
1487203787,0,11023507
1487203803,0,11039475
1487203819,0,11055496
1487203835,0,11071472
1487203851,0,11088451
1487203867,0,11103501
1487203883,0,11119487
1487203898,0,11135449
1487203914,0,11150505
1487203929,0,11165525
1487203945,0,11181510
1487203960,0,11196561
1487203976,0,11212494
1487203992,0,11228491
1487204007,0,11243553
1487204007,0,11244255
1487204007,0,11244300
1487204024,0,11260497
1487204040,0,11276502
1487204055,0,11291545
1487204071,0,11307500
1487204087,0,11324087
1487204103,0,11340449
1487204120,0,11356464
1487204136,0,11372468
1487204151,0,11388454
1487204169,0,11405512
1487204185,0,11421472
1487204201,0,11437489
1487204217,0,11453928
1487204232,0,11469262
1487204249,0,11485485
1487204265,0,11501482
1487204280,0,11517460
1487204296,0,11532508
1487204312,0,11548532
1487204312,0,11549185
1487204312,0,11549245
1487204328,0,11564490
1487204344,0,11580538
1487204361,0,11597485
1487204377,0,11613489
1487204393,0,11629480
1487204409,0,11645892
1487204425,0,11662446
1487204442,0,11678482
1487204457,0,11694436
1487204473,0,11709495
1487204489,0,11725535
1487204504,0,11740644
1487204520,0,11756498
1487204535,0,11771541
1487204552,0,11788512
1487204568,0,11804499
1487204583,0,11819566
1487204598,0,11834698
1487204614,0,11850493
1487204614,0,11851066
1487204614,0,11851112
1487204629,0,11865647
1487204644,0,11880940
1487204661,0,11897478
1487204676,0,11912531
1487204693,0,11929514
1487204708,0,11944578
1487204723,0,11960174
1487204740,0,11976496
1487204755,0,11991553
1487204771,0,12007473
1487204787,0,12023472
1487204803,0,12039541
1487204818,0,12054725
1487204833,0,12070019
1487204848,0,12085048
1487204865,0,12101504
1487204880,0,12116560
1487204895,0,12131581
1487204911,0,12147522
1487204927,0,12164451
1487204928,0,12165097
1487204928,0,12165138
1487204945,0,12181534
1487204961,0,12197485
1487204976,0,12212960
1487204992,0,12229457
1487205008,0,12244502
1487205025,0,12261465
1487205040,0,12276980
1487205057,0,12293499
1487205072,0,12308555
1487205087,0,12323761
1487205103,0,12339467
1487205119,0,12355483
1487205134,0,12370518
1487205151,0,12387474
1487205167,0,12403499
1487205183,0,12419512
1487205199,0,12435513
1487205214,0,12450565
1487205229,0,12465753
1487205229,0,12466317
1487205229,0,12466358
1487205246,0,12482523
1487205261,0,12497577
1487205276,0,12512653
1487205291,0,12527699
1487205306,0,12542753
1487205321,0,12557793
1487205336,0,12572847
1487205353,0,12589514
1487205368,0,12604576
1487205385,0,12621490
1487205401,0,12637475
1487205417,0,12653496
1487205432,0,12668557
1487205448,0,12684527
1487205463,0,12699586
1487205479,0,12715505
1487205494,0,12730780
1487205511,0,12747519
1487205527,0,12763518
1487205542,0,12779343
1487205543,0,12780009
1487205543,0,12780056
1487205558,0,12794754
1487205573,0,12809812
1487205588,0,12824867
1487205605,0,12841512
1487205621,0,12857511
1487205636,0,12872561
1487205653,0,12889479
1487205669,0,12905476
1487205685,0,12921496
1487205701,0,12937490
1487205717,0,12953497
1487205733,0,12969512
1487205749,0,12985532
1487205764,0,13000586
1487205779,0,13015640
1487205794,0,13030929
1487205811,0,13047511
1487205826,0,13062824
1487205843,0,13079534
1487205843,0,13080139
1487205843,0,13080179
1487205859,0,13095506
1487205876,0,13112489
1487205891,0,13127537
1487205907,0,13144458
1487205923,0,13160448
1487205940,0,13176472
1487205956,0,13192475
1487205971,0,13207529
1487205987,0,13223481
1487206002,0,13238525
1487206017,0,13253575
1487206032,0,13268634
1487206047,0,13283691
1487206064,0,13300566
1487206080,0,13316547
1487206095,0,13331591
1487206111,0,13347508
1487206127,0,13363526
1487206142,0,13378576
1487206157,0,13393643
1487206157,0,13394421
1487206158,0,13394477
1487206172,0,13408699
1487206189,0,13425506
1487206205,0,13441515
1487206220,0,13457126
1487206236,0,13473459
1487206253,0,13489474
1487206270,0,13506495
1487206286,0,13522515
1487206302,0,13538501
1487206318,0,13554515
1487206334,0,13570508
1487206350,0,13586473
1487206365,0,13601520
1487206380,0,13616576
1487206395,0,13631623
1487206411,0,13647541
1487206427,0,13663474
1487206442,0,13678539
1487206457,0,13693583
1487206472,0,13708644
1487206472,0,13709338
1487206472,0,13709384
1487206488,0,13724528
1487206503,0,13739594
1487206519,0,13755492
1487206536,0,13772547
1487206552,0,13788491
1487206568,0,13804526
1487206584,0,13820529
1487206599,0,13835741
1487206616,0,13852516
1487206633,0,13869489
1487206650,0,13886541
1487206665,0,13901704
1487206681,0,13917531
1487206696,0,13932606
1487206712,0,13948494
1487206728,0,13964523
1487206744,0,13980508
1487206760,0,13996553
1487206776,0,14012530
1487206776,0,14013109
1487206776,0,14013157
1487206793,0,14029520
1487206808,0,14044721
1487206825,0,14061495
1487206840,0,14076552
1487206857,0,14093516
1487206873,0,14109527
1487206890,0,14126465
1487206905,0,14141937
1487206920,0,14156966
1487206936,0,14172659
1487206952,0,14188483
1487206968,0,14204507
1487206984,0,14220503
1487207000,0,14236523
1487207015,0,14251573
1487207031,0,14267515
1487207046,0,14282560
1487207061,0,14298076
1487207076,0,14313191
1487207077,0,14313871
1487207077,0,14313907
1487207091,0,14328235
1487207106,0,14343301
1487207123,0,14359490
1487207140,0,14376522
1487207155,0,14391576
1487207170,0,14406944
1487207187,0,14423534
1487207202,0,14438662
1487207218,0,14454525
1487207234,0,14470513
1487207249,0,14485563
1487207265,0,14501570
1487207281,0,14517480
1487207296,0,14532533
1487207312,0,14548547
1487207328,0,14564469
1487207343,0,14579545
1487207359,0,14595517
1487207375,0,14611499
1487207391,0,14627520
1487207391,0,14628124
1487207391,0,14628167
1487207406,0,14642578
1487207421,0,14657632
1487207436,0,14672699
1487207451,0,14687739
1487207466,0,14702797
1487207483,0,14719537
1487207499,0,14735494
1487207516,0,14752501
1487207531,0,14767545
1487207546,0,14782596
1487207563,0,14799512
1487207579,0,14815486
1487207594,0,14830511
1487207610,0,14846521
1487207625,0,14861577
1487207640,0,14876665
1487207655,0,14891713
1487207670,0,14906766
1487207686,0,14922498
1487207702,0,14938487
1487207702,0,14939107
1487207702,0,14939142
1487207717,0,14953535
1487207734,0,14970519
1487207749,0,14985543
1487207765,0,15001526
1487207781,0,15017501
1487207796,0,15032549
1487207812,0,15048472
1487207828,0,15064496
1487207844,0,15080498
1487207860,0,15096485
1487207876,0,15112468
1487207892,0,15128467
1487207907,0,15143675
1487207922,0,15158734
1487207938,0,15174535
1487207954,0,15190511
1487207969,0,15205561
1487207984,0,15220603
1487208001,0,15237521
1487208016,0,15252610
1487208016,0,15253272
1487208016,0,15253314
1487208033,0,15270254
1487208049,0,15285580
1487208064,0,15300943
1487208079,0,15316005
1487208096,0,15332514
1487208112,0,15348504
1487208127,0,15364456
1487208143,0,15379507
1487208159,0,15395510
1487208174,0,15410555
1487208189,0,15425604
1487208204,0,15440849
1487208221,0,15457483
1487208237,0,15473490
1487208253,0,15489522
1487208268,0,15504577
1487208285,0,15521503
1487208301,0,15537485
1487208316,0,15552528
1487208332,0,15568523
1487208332,0,15569137
1487208332,0,15569192
1487208349,0,15585518
1487208364,0,15600560
1487208379,0,15615586
1487208396,0,15632484
1487208412,0,15648549
1487208428,0,15664489
1487208443,0,15680463
1487208460,0,15696469
1487208475,0,15711511
1487208490,0,15726568
1487208505,0,15741619
1487208521,0,15757513
1487208538,0,15774497
1487208553,0,15789548
1487208568,0,15804603
1487208583,0,15819654
1487208598,0,15834704
1487208613,0,15849908
1487208628,0,15865134
1487208643,0,15880193
1487208644,0,15880826
1487208644,0,15880876
1487208658,0,15895247
1487208673,0,15910307
1487208690,0,15926495
1487208706,0,15942496
1487208722,0,15958476
1487208738,0,15974471
1487208753,0,15990154
1487208770,0,16006527
1487208785,0,16021581
1487208801,0,16037507
1487208817,0,16053545
1487208832,0,16069187
1487208849,0,16085518
1487208865,0,16101542
1487208880,0,16116637
1487208895,0,16131682
1487208910,0,16146745
1487208926,0,16162499
1487208942,0,16178574
1487208959,0,16195560
1487208959,0,16196131
1487208959,0,16196189
1487208974,0,16210613
1487208989,0,16225647
1487209004,0,16240685
1487209021,0,16257554
1487209036,0,16272602
1487209052,0,16288508
1487209067,0,16303573
1487209082,0,16318639
1487209098,0,16334507
1487209114,0,16350507
1487209129,0,16365546
1487209145,0,16381538
1487209161,0,16397474
1487209178,0,16414563
1487209195,0,16431530
1487209211,0,16447497
1487209226,0,16462543
1487209242,0,16478549
1487209257,0,16493586
1487209273,0,16509575
1487209273,0,16510212
1487209273,0,16510257
1487209289,0,16525520
1487209305,0,16541537
1487209322,0,16558516
1487209337,0,16573738
1487209352,0,16588970
1487209367,0,16604015
1487209383,0,16619547
1487209420,0,16656682
1487209436,0,16672518
1487209451,0,16687569
1487209468,0,16704533
1487209484,0,16720528
1487209499,0,16735577
1487209514,0,16750609
1487209531,0,16767501
1487209546,0,16782557
1487209561,0,16797614
1487209576,0,16812670
1487209576,0,16813357
1487209576,0,16813401
1487209593,0,16829508
1487209609,0,16845481
1487209625,0,16861518
1487209641,0,16877547
1487209658,0,16894544
1487209674,0,16910533
1487209690,0,16926493
1487209707,0,16943566
1487209724,0,16960507
1487209740,0,16976543
1487209755,0,16991588
1487209772,0,17008540
1487209788,0,17024517
1487209804,0,17040539
1487209820,0,17056522
1487209836,0,17072487
1487209851,0,17087681
1487209868,0,17104535
1487209884,0,17120540
1487209884,0,17121128
1487209884,0,17121167
1487209900,0,17136547
1487209916,0,17152505
1487209932,0,17168487
1487209948,0,17184561
1487209963,0,17199619
1487209980,0,17216558
1487209995,0,17231617
1487210011,0,17247520
1487210027,0,17263540
1487210042,0,17278595
1487210058,0,17294494
1487210074,0,17310506
1487210089,0,17325554
1487210105,0,17341545
1487210121,0,17357514
1487210137,0,17373539
1487210153,0,17389539
1487210169,0,17405558
1487210185,0,17421540
1487210185,0,17422140
1487210185,0,17422190
1487210201,0,17437536
1487210218,0,17454498
1487210234,0,17470501
1487210250,0,17486524
1487210266,0,17502544
1487210281,0,17517602
1487210296,0,17532651
1487210312,0,17548564
1487210328,0,17564510
1487210345,0,17581545
1487210361,0,17597549
1487210377,0,17613526
1487210393,0,17629535
1487210409,0,17645544
1487210425,0,17661532
1487210441,0,17677517
1487210457,0,17693510
1487210474,0,17710549
1487210490,0,17726572
1487210490,0,17727209
1487210490,0,17727260
1487210505,0,17741629
1487210521,0,17757589
1487210536,0,17772639
1487210553,0,17789550
1487210570,0,17806542
1487210586,0,17822522
1487210602,0,17838557
1487210618,0,17854531
1487210634,0,17870537
1487210650,0,17886526
1487210666,0,17902568
1487210683,0,17919518
1487210698,0,17934545
1487210713,0,17949599
1487210729,0,17965531
1487210744,0,17980554
1487210760,0,17996504
1487210775,0,18011557
1487210791,0,18027526
1487210791,0,18028114
1487210791,0,18028163
1487210806,0,18042576
1487210822,0,18058516
1487210837,0,18073579
1487210852,0,18088621
1487210869,0,18105547
1487210885,0,18121506
1487210901,0,18137502
1487210917,0,18153515
1487210933,0,18169537
1487210948,0,18184599
1487210963,0,18199650
1487210980,0,18216550
1487210996,0,18232535
1487211012,0,18248568
1487211028,0,18264561
1487211043,0,18280200
1487211060,0,18296528
1487211075,0,18311581
1487211092,0,18328505
1487211092,0,18329143
1487211092,0,18329183
1487211107,0,18344217
1487211123,0,18359545
1487211140,0,18376549
1487211156,0,18392521
1487211171,0,18407570
1487211187,0,18423519
1487211203,0,18439539
1487211219,0,18455503
1487211235,0,18471492
1487211251,0,18487500
1487211267,0,18503557
1487211283,0,18519546
1487211299,0,18535495
1487211314,0,18550563
1487211330,0,18566523
1487211346,0,18582540
1487211362,0,18598517
1487211377,0,18613567
1487211393,0,18629566
1487211393,0,18630118
1487211393,0,18630163
1487211409,0,18645566
1487211426,0,18662502
1487211442,0,18678545
1487211458,0,18694514
1487211474,0,18710581
1487211490,0,18726526
1487211505,0,18741579
1487211520,0,18756762
1487211537,0,18773554
1487211553,0,18789562
1487211569,0,18805509
1487211585,0,18821577
1487211601,0,18837526
1487211616,0,18852593
1487211632,0,18868553
1487211647,0,18883630
1487211664,0,18900532
1487211680,0,18916545
1487211696,0,18932541
1487211696,0,18933144
1487211696,0,18933195
1487211711,0,18948091
1487211728,0,18964532
1487211744,0,18980531
1487211760,0,18996562
1487211777,0,19013524
1487211793,0,19029564
1487211810,0,19046519
1487211826,0,19062517
1487211842,0,19078572
1487211858,0,19094495
1487211874,0,19110492
1487211890,0,19126561
1487211906,0,19142495
1487211921,0,19157543
1487211937,0,19173532
1487211953,0,19189491
1487211970,0,19206481
1487211987,0,19223516
1487212003,0,19239583
1487212003,0,19240159
1487212003,0,19240202
1487212019,0,19255576
1487212034,0,19270607
1487212051,0,19287549
1487212067,0,19303538
1487212083,0,19319502
1487212098,0,19334551
1487212113,0,19350084
1487212128,0,19365134
1487212144,0,19381107
1487212159,0,19396165
1487212175,0,19412107
1487212191,0,19428091
1487212207,0,19444120
1487212222,0,19459180
1487212238,0,19475148
1487212253,0,19490200
1487212269,0,19506129
1487212285,0,19522151
1487212301,0,19538130
1487212317,0,19554093
1487212318,0,19554672
1487212318,0,19554719
1487212332,0,19569174
1487212349,0,19586139
1487212365,0,19602125
1487212381,0,19618157
1487212396,0,19633212
1487212412,0,19649132
1487212428,0,19665169
1487212444,0,19681166
1487212460,0,19697166
1487212477,0,19714109
1487212493,0,19730148
1487212508,0,19745193
1487212523,0,19760225
1487212539,0,19776162
1487212555,0,19792124
1487212571,0,19808154
1487212586,0,19823209
1487212602,0,19839118
1487212618,0,19855125
1487212619,0,19855728
1487212619,0,19855780
1487212633,0,19870176
1487212650,0,19887156
1487212666,0,19903164
1487212682,0,19919150
1487212698,0,19935181
1487212714,0,19950495
1487212730,0,19967159
1487212746,0,19983127
1487212762,0,19999131
1487212779,0,20016130
1487212794,0,20031209
1487212810,0,20047102
1487212826,0,20063170
1487212842,0,20079169
1487212858,0,20095171
1487212873,0,20110191
1487212889,0,20126130
1487212904,0,20141183
1487212919,0,20156258
1487212934,0,20171313
1487212949,0,20185504
1487212949,0,20185536
1487212949,0,20186357
1487212964,0,20201411
1487212981,0,20218180
1487212997,0,20234152
1487213013,0,20250169
1487213030,0,20267179
1487213045,0,20282231
1487213061,0,20298180
1487213077,0,20314174
1487213094,0,20331147
1487213109,0,20346315
1487213125,0,20361531
1487213141,0,20378139
1487213157,0,20394134
1487213173,0,20410154
1487213190,0,20427185
1487213206,0,20443155
1487213223,0,20460170
1487213224,0,20460810
1487213224,0,20460870
1487213239,0,20476146
1487213254,0,20491197
1487213270,0,20507144
1487213285,0,20522163
1487213301,0,20538143
1487213317,0,20554137
1487213334,0,20571205
1487213349,0,20586253
1487213365,0,20602179
1487213381,0,20618169
1487213397,0,20634138
1487213413,0,20650120
1487213429,0,20666170
1487213445,0,20682176
1487213461,0,20698025
1487213477,0,20714104
1487213493,0,20730119
1487213509,0,20746186
1487213525,0,20762171
1487213526,0,20762808
1487213526,0,20762854
1487213541,0,20778188
1487213557,0,20794178
1487213572,0,20809220
1487213587,0,20824276
1487213604,0,20841256
1487213620,0,20857156
1487213636,0,20873135
1487213651,0,20888184
1487213668,0,20905170
1487213684,0,20921188
1487213700,0,20937143
1487213715,0,20952201
1487213730,0,20967228
1487213746,0,20983178
1487213762,0,20999156
1487213778,0,21015129
1487213794,0,21031131
1487213810,0,21047156
1487213826,0,21063200
1487213827,0,21063686
1487213827,0,21063736
1487213842,0,21079174
1487213858,0,21095132
1487213874,0,21111189
1487213890,0,21127230
1487213907,0,21144185
1487213923,0,21160137
1487213939,0,21176151
1487213954,0,21191199
1487213971,0,21208145
1487213987,0,21224193
1487214003,0,21239687
1487214018,0,21254739
1487214034,0,21271177
1487214050,0,21287185
1487214066,0,21303145
1487214082,0,21319199
1487214099,0,21336182
1487214115,0,21352177
1487214131,0,21368174
1487214132,0,21368762
1487214132,0,21368822
1487214147,0,21384195
1487214163,0,21400179
1487214179,0,21416160
1487214194,0,21431207
1487214211,0,21448113
1487214227,0,21464133
1487214243,0,21480155
1487214260,0,21497217
1487214276,0,21513207
1487214293,0,21530188
1487214308,0,21545235
1487214323,0,21560290
1487214360,0,21597163
1487214375,0,21612217
1487214391,0,21628228
1487214407,0,21644135
1487214423,0,21660188
1487214439,0,21676203
1487214440,0,21676777
1487214440,0,21676826
1487214454,0,21691273
1487214469,0,21706323
1487214485,0,21722173
1487214501,0,21738129
1487214517,0,21754124
1487214532,0,21769180
1487214548,0,21785181
1487214564,0,21801161
1487214580,0,21817140
1487214596,0,21833136
1487214612,0,21849133
1487214628,0,21864879
1487214644,0,21881154
1487214660,0,21897145
1487214676,0,21913202
1487214692,0,21929163
1487214708,0,21945146
1487214724,0,21961200
1487214740,0,21977191
1487214741,0,21977754
1487214741,0,21977786
1487214757,0,21994183
1487214773,0,22010122
1487214789,0,22026131
1487214805,0,22042118
1487214820,0,22057163
1487214836,0,22073319
1487214851,0,22088369
1487214867,0,22104191
1487214882,0,22119251
1487214898,0,22135190
1487214913,0,22150210
1487214929,0,22166183
1487214945,0,22182144
1487214961,0,22198160
1487214976,0,22213207
1487214992,0,22229214
1487215009,0,22246163
1487215025,0,22262164
1487215041,0,22278150
1487215042,0,22278767
1487215042,0,22278806
1487215057,0,22294192
1487215073,0,22310119
1487215088,0,22325163
1487215104,0,22341195
1487215120,0,22356567
1487215136,0,22373143
1487215151,0,22388195
1487215167,0,22404198
1487215183,0,22420141
1487215199,0,22436150
1487215215,0,22452012
1487215231,0,22468154
1487215246,0,22483227
1487215262,0,22498600
1487215278,0,22515154
1487215293,0,22530206
1487215308,0,22545249
1487215323,0,22560305
1487215338,0,22575357
1487215353,0,22590410
1487215354,0,22591074
1487215354,0,22591121
1487215370,0,22607201
1487215386,0,22623159
1487215402,0,22639181
1487215418,0,22655144
1487215435,0,22672134
1487215451,0,22687516
1487215466,0,22702866
1487215482,0,22719139
1487215498,0,22735132
1487215513,0,22750194
1487215529,0,22766166
1487215545,0,22781976
1487215560,0,22797020
1487215575,0,22812074
1487215590,0,22827107
1487215605,0,22842156
1487215621,0,22858158
1487215638,0,22875109
1487215654,0,22891125
1487215670,0,22907010
1487215686,0,22923128
1487215703,0,22940185
1487215704,0,22940897
1487215704,0,22940924
1487215718,0,22955228
1487215733,0,22970284
1487215748,0,22985308
1487215764,0,23001050
1487215781,0,23018186
1487215796,0,23033260
1487215811,0,23048306
1487215827,0,23063566
1487215842,0,23079120
1487215858,0,23095127
1487215873,0,23110181
1487215889,0,23126206
1487215907,0,23143799
1487215922,0,23158854
1487215937,0,23173907
1487215953,0,23190201
1487215970,0,23207225
1487215971,0,23207890
1487215971,0,23207935
1487215985,0,23222341
1487216001,0,23238195
1487216017,0,23254219
1487216034,0,23271236
1487216050,0,23287209
1487216065,0,23302292
1487216080,0,23317347
1487216097,0,23334192
1487216112,0,23349240
1487216127,0,23364291
1487216143,0,23380203
1487216159,0,23396172
1487216174,0,23411223
1487216191,0,23428192
1487216207,0,23444191
1487216222,0,23459261
1487216238,0,23475223
1487216253,0,23490247
1487216269,0,23506184
1487216285,0,23522188
1487216286,0,23522759
1487216286,0,23522810
1487216301,0,23538156
1487216316,0,23553207
1487216332,0,23569177
1487216349,0,23586189
1487216366,0,23603211
1487216382,0,23619200
1487216398,0,23634530
1487216413,0,23649823
1487216428,0,23664863
1487216454,0,23691145
